%YAML 1.1
%TAG !u! tag:unity3d.com,2011:
--- !u!29 &1
OcclusionCullingSettings:
  m_ObjectHideFlags: 0
  serializedVersion: 2
  m_OcclusionBakeSettings:
    smallestOccluder: 5
    smallestHole: 0.25
    backfaceThreshold: 100
  m_SceneGUID: 00000000000000000000000000000000
  m_OcclusionCullingData: {fileID: 0}
--- !u!104 &2
RenderSettings:
  m_ObjectHideFlags: 0
  serializedVersion: 9
  m_Fog: 0
  m_FogColor: {r: 0.5, g: 0.5, b: 0.5, a: 1}
  m_FogMode: 3
  m_FogDensity: 0.01
  m_LinearFogStart: 0
  m_LinearFogEnd: 300
  m_AmbientSkyColor: {r: 0.212, g: 0.227, b: 0.259, a: 1}
  m_AmbientEquatorColor: {r: 0.114, g: 0.125, b: 0.133, a: 1}
  m_AmbientGroundColor: {r: 0.047, g: 0.043, b: 0.035, a: 1}
  m_AmbientIntensity: 1
  m_AmbientMode: 0
  m_SubtractiveShadowColor: {r: 0.42, g: 0.478, b: 0.627, a: 1}
  m_SkyboxMaterial: {fileID: 10304, guid: 0000000000000000f000000000000000, type: 0}
  m_HaloStrength: 0.5
  m_FlareStrength: 1
  m_FlareFadeSpeed: 3
  m_HaloTexture: {fileID: 0}
  m_SpotCookie: {fileID: 10001, guid: 0000000000000000e000000000000000, type: 0}
  m_DefaultReflectionMode: 0
  m_DefaultReflectionResolution: 128
  m_ReflectionBounces: 1
  m_ReflectionIntensity: 1
  m_CustomReflection: {fileID: 0}
  m_Sun: {fileID: 0}
  m_IndirectSpecularColor: {r: 0.18028486, g: 0.22571586, b: 0.30692607, a: 1}
  m_UseRadianceAmbientProbe: 0
--- !u!157 &3
LightmapSettings:
  m_ObjectHideFlags: 0
  serializedVersion: 11
  m_GIWorkflowMode: 0
  m_GISettings:
    serializedVersion: 2
    m_BounceScale: 1
    m_IndirectOutputScale: 1
    m_AlbedoBoost: 1
    m_EnvironmentLightingMode: 0
    m_EnableBakedLightmaps: 1
    m_EnableRealtimeLightmaps: 0
  m_LightmapEditorSettings:
    serializedVersion: 10
    m_Resolution: 2
    m_BakeResolution: 10
    m_AtlasSize: 512
    m_AO: 0
    m_AOMaxDistance: 1
    m_CompAOExponent: 1
    m_CompAOExponentDirect: 0
    m_Padding: 2
    m_LightmapParameters: {fileID: 0}
    m_LightmapsBakeMode: 1
    m_TextureCompression: 1
    m_FinalGather: 0
    m_FinalGatherFiltering: 1
    m_FinalGatherRayCount: 256
    m_ReflectionCompression: 2
    m_MixedBakeMode: 2
    m_BakeBackend: 1
    m_PVRSampling: 1
    m_PVRDirectSampleCount: 32
    m_PVRSampleCount: 256
    m_PVRBounces: 2
    m_PVRFilterTypeDirect: 0
    m_PVRFilterTypeIndirect: 0
    m_PVRFilterTypeAO: 0
    m_PVRFilteringMode: 1
    m_PVRCulling: 1
    m_PVRFilteringGaussRadiusDirect: 1
    m_PVRFilteringGaussRadiusIndirect: 5
    m_PVRFilteringGaussRadiusAO: 2
    m_PVRFilteringAtrousPositionSigmaDirect: 0.5
    m_PVRFilteringAtrousPositionSigmaIndirect: 2
    m_PVRFilteringAtrousPositionSigmaAO: 1
    m_ShowResolutionOverlay: 1
  m_LightingDataAsset: {fileID: 0}
  m_UseShadowmask: 1
--- !u!196 &4
NavMeshSettings:
  serializedVersion: 2
  m_ObjectHideFlags: 0
  m_BuildSettings:
    serializedVersion: 2
    agentTypeID: 0
    agentRadius: 0.5
    agentHeight: 2
    agentSlope: 45
    agentClimb: 0.4
    ledgeDropHeight: 0
    maxJumpAcrossDistance: 0
    minRegionArea: 2
    manualCellSize: 0
    cellSize: 0.16666667
    manualTileSize: 0
    tileSize: 256
    accuratePlacement: 0
    debug:
      m_Flags: 0
  m_NavMeshData: {fileID: 0}
--- !u!1001 &31330188
PrefabInstance:
  m_ObjectHideFlags: 0
  serializedVersion: 2
  m_Modification:
    m_TransformParent: {fileID: 0}
    m_Modifications:
    - target: {fileID: 100028, guid: 0fb4610dba67fc24cb2a6674fb155fc1, type: 3}
      propertyPath: m_IsActive
      value: 0
      objectReference: {fileID: 0}
    - target: {fileID: 100064, guid: 0fb4610dba67fc24cb2a6674fb155fc1, type: 3}
      propertyPath: m_Name
      value: CarWaypointBased (9)
      objectReference: {fileID: 0}
    - target: {fileID: 400008, guid: 0fb4610dba67fc24cb2a6674fb155fc1, type: 3}
      propertyPath: m_LocalPosition.y
      value: 0.78
      objectReference: {fileID: 0}
    - target: {fileID: 400008, guid: 0fb4610dba67fc24cb2a6674fb155fc1, type: 3}
      propertyPath: m_LocalPosition.z
      value: 1.3899994
      objectReference: {fileID: 0}
    - target: {fileID: 400008, guid: 0fb4610dba67fc24cb2a6674fb155fc1, type: 3}
      propertyPath: m_LocalRotation.x
      value: 0.14242198
      objectReference: {fileID: 0}
    - target: {fileID: 400008, guid: 0fb4610dba67fc24cb2a6674fb155fc1, type: 3}
      propertyPath: m_LocalRotation.y
      value: 0.018463055
      objectReference: {fileID: 0}
    - target: {fileID: 400008, guid: 0fb4610dba67fc24cb2a6674fb155fc1, type: 3}
      propertyPath: m_LocalRotation.z
      value: 0.008786211
      objectReference: {fileID: 0}
    - target: {fileID: 400008, guid: 0fb4610dba67fc24cb2a6674fb155fc1, type: 3}
      propertyPath: m_LocalRotation.w
      value: 0.9895949
      objectReference: {fileID: 0}
    - target: {fileID: 400008, guid: 0fb4610dba67fc24cb2a6674fb155fc1, type: 3}
      propertyPath: m_LocalEulerAnglesHint.x
      value: 16.353
      objectReference: {fileID: 0}
    - target: {fileID: 400008, guid: 0fb4610dba67fc24cb2a6674fb155fc1, type: 3}
      propertyPath: m_LocalEulerAnglesHint.y
      value: 2.332
      objectReference: {fileID: 0}
    - target: {fileID: 400008, guid: 0fb4610dba67fc24cb2a6674fb155fc1, type: 3}
      propertyPath: m_LocalEulerAnglesHint.z
      value: 1.353
      objectReference: {fileID: 0}
    - target: {fileID: 400010, guid: 0fb4610dba67fc24cb2a6674fb155fc1, type: 3}
      propertyPath: m_LocalScale.z
      value: 4.760939
      objectReference: {fileID: 0}
    - target: {fileID: 400010, guid: 0fb4610dba67fc24cb2a6674fb155fc1, type: 3}
      propertyPath: m_LocalPosition.z
      value: -0.03
      objectReference: {fileID: 0}
    - target: {fileID: 400012, guid: 0fb4610dba67fc24cb2a6674fb155fc1, type: 3}
      propertyPath: m_LocalPosition.z
      value: -0.26
      objectReference: {fileID: 0}
    - target: {fileID: 400046, guid: 0fb4610dba67fc24cb2a6674fb155fc1, type: 3}
      propertyPath: m_LocalPosition.z
      value: -1.364
      objectReference: {fileID: 0}
    - target: {fileID: 400046, guid: 0fb4610dba67fc24cb2a6674fb155fc1, type: 3}
      propertyPath: m_LocalPosition.x
      value: -0.74999887
      objectReference: {fileID: 0}
    - target: {fileID: 400052, guid: 0fb4610dba67fc24cb2a6674fb155fc1, type: 3}
      propertyPath: m_LocalPosition.z
      value: -1.224
      objectReference: {fileID: 0}
    - target: {fileID: 400052, guid: 0fb4610dba67fc24cb2a6674fb155fc1, type: 3}
      propertyPath: m_LocalPosition.x
      value: 0.8599991
      objectReference: {fileID: 0}
    - target: {fileID: 400054, guid: 0fb4610dba67fc24cb2a6674fb155fc1, type: 3}
      propertyPath: m_LocalPosition.z
      value: 1.529
      objectReference: {fileID: 0}
    - target: {fileID: 400054, guid: 0fb4610dba67fc24cb2a6674fb155fc1, type: 3}
      propertyPath: m_LocalPosition.x
      value: -0.8100005
      objectReference: {fileID: 0}
    - target: {fileID: 400056, guid: 0fb4610dba67fc24cb2a6674fb155fc1, type: 3}
      propertyPath: m_LocalPosition.z
      value: 1.584
      objectReference: {fileID: 0}
    - target: {fileID: 400056, guid: 0fb4610dba67fc24cb2a6674fb155fc1, type: 3}
      propertyPath: m_LocalPosition.x
      value: 0.6900006
      objectReference: {fileID: 0}
    - target: {fileID: 400056, guid: 0fb4610dba67fc24cb2a6674fb155fc1, type: 3}
      propertyPath: m_LocalPosition.y
      value: 0.502
      objectReference: {fileID: 0}
    - target: {fileID: 400064, guid: 0fb4610dba67fc24cb2a6674fb155fc1, type: 3}
      propertyPath: m_LocalPosition.x
      value: 110.40067
      objectReference: {fileID: 0}
    - target: {fileID: 400064, guid: 0fb4610dba67fc24cb2a6674fb155fc1, type: 3}
      propertyPath: m_LocalPosition.y
      value: 0.00091552734
      objectReference: {fileID: 0}
    - target: {fileID: 400064, guid: 0fb4610dba67fc24cb2a6674fb155fc1, type: 3}
      propertyPath: m_LocalPosition.z
      value: 37.4
      objectReference: {fileID: 0}
    - target: {fileID: 400064, guid: 0fb4610dba67fc24cb2a6674fb155fc1, type: 3}
      propertyPath: m_LocalRotation.x
      value: 0
      objectReference: {fileID: 0}
    - target: {fileID: 400064, guid: 0fb4610dba67fc24cb2a6674fb155fc1, type: 3}
      propertyPath: m_LocalRotation.y
      value: 0
      objectReference: {fileID: 0}
    - target: {fileID: 400064, guid: 0fb4610dba67fc24cb2a6674fb155fc1, type: 3}
      propertyPath: m_LocalRotation.z
      value: 0
      objectReference: {fileID: 0}
    - target: {fileID: 400064, guid: 0fb4610dba67fc24cb2a6674fb155fc1, type: 3}
      propertyPath: m_LocalRotation.w
      value: 1
      objectReference: {fileID: 0}
    - target: {fileID: 400064, guid: 0fb4610dba67fc24cb2a6674fb155fc1, type: 3}
      propertyPath: m_RootOrder
      value: 7
      objectReference: {fileID: 0}
    - target: {fileID: 400064, guid: 0fb4610dba67fc24cb2a6674fb155fc1, type: 3}
      propertyPath: m_LocalEulerAnglesHint.x
      value: 0
      objectReference: {fileID: 0}
    - target: {fileID: 400064, guid: 0fb4610dba67fc24cb2a6674fb155fc1, type: 3}
      propertyPath: m_LocalEulerAnglesHint.y
      value: 0
      objectReference: {fileID: 0}
    - target: {fileID: 400064, guid: 0fb4610dba67fc24cb2a6674fb155fc1, type: 3}
      propertyPath: m_LocalEulerAnglesHint.z
      value: 0
      objectReference: {fileID: 0}
    - target: {fileID: 11400020, guid: 0fb4610dba67fc24cb2a6674fb155fc1, type: 3}
      propertyPath: m_SpeedType
      value: 0
      objectReference: {fileID: 0}
    - target: {fileID: 11400020, guid: 0fb4610dba67fc24cb2a6674fb155fc1, type: 3}
      propertyPath: m_Topspeed
      value: 30
      objectReference: {fileID: 0}
    - target: {fileID: 11400020, guid: 0fb4610dba67fc24cb2a6674fb155fc1, type: 3}
      propertyPath: m_WheelMeshes.Array.data[1]
      value: 
      objectReference: {fileID: 1678065782}
    - target: {fileID: 11400020, guid: 0fb4610dba67fc24cb2a6674fb155fc1, type: 3}
      propertyPath: m_WheelMeshes.Array.data[0]
      value: 
      objectReference: {fileID: 1678065783}
    - target: {fileID: 11400020, guid: 0fb4610dba67fc24cb2a6674fb155fc1, type: 3}
      propertyPath: m_WheelMeshes.Array.data[3]
      value: 
      objectReference: {fileID: 1678065780}
    - target: {fileID: 11400020, guid: 0fb4610dba67fc24cb2a6674fb155fc1, type: 3}
      propertyPath: m_WheelMeshes.Array.data[2]
      value: 
      objectReference: {fileID: 1678065781}
    - target: {fileID: 11400022, guid: 0fb4610dba67fc24cb2a6674fb155fc1, type: 3}
      propertyPath: m_Target
      value: 
      objectReference: {fileID: 361169532}
    - target: {fileID: 11400022, guid: 0fb4610dba67fc24cb2a6674fb155fc1, type: 3}
      propertyPath: m_StopWhenTargetReached
      value: 1
      objectReference: {fileID: 0}
    - target: {fileID: 11400022, guid: 0fb4610dba67fc24cb2a6674fb155fc1, type: 3}
      propertyPath: m_CautiousSpeedFactor
      value: 1
      objectReference: {fileID: 0}
    - target: {fileID: 11400022, guid: 0fb4610dba67fc24cb2a6674fb155fc1, type: 3}
      propertyPath: m_Enabled
      value: 0
      objectReference: {fileID: 0}
    - target: {fileID: 11400024, guid: 0fb4610dba67fc24cb2a6674fb155fc1, type: 3}
      propertyPath: m_Enabled
      value: 0
      objectReference: {fileID: 0}
    - target: {fileID: 19800000, guid: 0fb4610dba67fc24cb2a6674fb155fc1, type: 3}
      propertyPath: InitialModule.startSizeY.minMaxState
      value: 3
      objectReference: {fileID: 0}
    - target: {fileID: 19800000, guid: 0fb4610dba67fc24cb2a6674fb155fc1, type: 3}
      propertyPath: InitialModule.startSizeZ.minMaxState
      value: 3
      objectReference: {fileID: 0}
    - target: {fileID: 19800000, guid: 0fb4610dba67fc24cb2a6674fb155fc1, type: 3}
      propertyPath: InitialModule.startRotationX.minMaxState
      value: 3
      objectReference: {fileID: 0}
    - target: {fileID: 19800000, guid: 0fb4610dba67fc24cb2a6674fb155fc1, type: 3}
      propertyPath: InitialModule.startRotationY.minMaxState
      value: 3
      objectReference: {fileID: 0}
    m_RemovedComponents:
    - {fileID: 11400024, guid: 0fb4610dba67fc24cb2a6674fb155fc1, type: 3}
    - {fileID: 11400022, guid: 0fb4610dba67fc24cb2a6674fb155fc1, type: 3}
  m_SourcePrefab: {fileID: 100100000, guid: 0fb4610dba67fc24cb2a6674fb155fc1, type: 3}
--- !u!1 &31330189 stripped
GameObject:
  m_CorrespondingSourceObject: {fileID: 100064, guid: 0fb4610dba67fc24cb2a6674fb155fc1,
    type: 3}
  m_PrefabInstance: {fileID: 31330188}
  m_PrefabAsset: {fileID: 0}
--- !u!4 &31330190 stripped
Transform:
  m_CorrespondingSourceObject: {fileID: 400064, guid: 0fb4610dba67fc24cb2a6674fb155fc1,
    type: 3}
  m_PrefabInstance: {fileID: 31330188}
  m_PrefabAsset: {fileID: 0}
--- !u!114 &31330191
MonoBehaviour:
  m_ObjectHideFlags: 0
  m_CorrespondingSourceObject: {fileID: 0}
  m_PrefabInstance: {fileID: 0}
  m_PrefabAsset: {fileID: 0}
  m_GameObject: {fileID: 31330189}
  m_Enabled: 1
  m_EditorHideFlags: 0
  m_Script: {fileID: 11500000, guid: a114419629edfca4482e464078f2a329, type: 3}
  m_Name: 
  m_EditorClassIdentifier: 
  m_Target: {fileID: 291164357}
--- !u!114 &31330192
MonoBehaviour:
  m_ObjectHideFlags: 0
  m_CorrespondingSourceObject: {fileID: 0}
  m_PrefabInstance: {fileID: 0}
  m_PrefabAsset: {fileID: 0}
  m_GameObject: {fileID: 31330189}
  m_Enabled: 1
  m_EditorHideFlags: 0
  m_Script: {fileID: 11500000, guid: 89d6176b8d24f95459b307929bdd3384, type: 3}
  m_Name: 
  m_EditorClassIdentifier: 
  m_Target: {fileID: 361169532}
--- !u!114 &31330193
MonoBehaviour:
  m_ObjectHideFlags: 0
  m_CorrespondingSourceObject: {fileID: 0}
  m_PrefabInstance: {fileID: 0}
  m_PrefabAsset: {fileID: 0}
  m_GameObject: {fileID: 31330189}
  m_Enabled: 0
  m_EditorHideFlags: 0
  m_Script: {fileID: 11500000, guid: fee0ea20c684fb4429aa1db4017f3c4d, type: 3}
  m_Name: 
  m_EditorClassIdentifier: 
--- !u!114 &31330194
MonoBehaviour:
  m_ObjectHideFlags: 0
  m_CorrespondingSourceObject: {fileID: 0}
  m_PrefabInstance: {fileID: 0}
  m_PrefabAsset: {fileID: 0}
  m_GameObject: {fileID: 31330189}
  m_Enabled: 1
  m_EditorHideFlags: 0
  m_Script: {fileID: 11500000, guid: a114419629edfca4482e464078f2a329, type: 3}
  m_Name: 
  m_EditorClassIdentifier: 
  m_Target: {fileID: 455510409}
--- !u!114 &31330195
MonoBehaviour:
  m_ObjectHideFlags: 0
  m_CorrespondingSourceObject: {fileID: 0}
  m_PrefabInstance: {fileID: 0}
  m_PrefabAsset: {fileID: 0}
  m_GameObject: {fileID: 31330189}
  m_Enabled: 1
  m_EditorHideFlags: 0
  m_Script: {fileID: 11500000, guid: a114419629edfca4482e464078f2a329, type: 3}
  m_Name: 
  m_EditorClassIdentifier: 
  m_Target: {fileID: 1956070165}
--- !u!114 &31330196
MonoBehaviour:
  m_ObjectHideFlags: 0
  m_CorrespondingSourceObject: {fileID: 0}
  m_PrefabInstance: {fileID: 0}
  m_PrefabAsset: {fileID: 0}
  m_GameObject: {fileID: 31330189}
  m_Enabled: 1
  m_EditorHideFlags: 0
  m_Script: {fileID: 11500000, guid: 643f5b0f9e2faad49b9f408e1e365708, type: 3}
  m_Name: 
  m_EditorClassIdentifier: 
  m_Target: {fileID: 291164357}
--- !u!82 &31330200
AudioSource:
  m_ObjectHideFlags: 0
  m_CorrespondingSourceObject: {fileID: 0}
  m_PrefabInstance: {fileID: 0}
  m_PrefabAsset: {fileID: 0}
  m_GameObject: {fileID: 31330189}
  m_Enabled: 1
  serializedVersion: 4
  OutputAudioMixerGroup: {fileID: 0}
  m_audioClip: {fileID: 8300000, guid: 965fe6e74b9f8a945a965d495a4952b0, type: 3}
  m_PlayOnAwake: 0
  m_Volume: 1
  m_Pitch: 1
  Loop: 0
  Mute: 0
  Spatialize: 0
  SpatializePostEffects: 0
  Priority: 128
  DopplerLevel: 1
  MinDistance: 1
  MaxDistance: 500
  Pan2D: 0
  rolloffMode: 0
  BypassEffects: 0
  BypassListenerEffects: 0
  BypassReverbZones: 0
  rolloffCustomCurve:
    serializedVersion: 2
    m_Curve:
    - serializedVersion: 3
      time: 0
      value: 1
      inSlope: 0
      outSlope: 0
      tangentMode: 0
      weightedMode: 0
      inWeight: 0.33333334
      outWeight: 0.33333334
    - serializedVersion: 3
      time: 1
      value: 0
      inSlope: 0
      outSlope: 0
      tangentMode: 0
      weightedMode: 0
      inWeight: 0.33333334
      outWeight: 0.33333334
    m_PreInfinity: 2
    m_PostInfinity: 2
    m_RotationOrder: 4
  panLevelCustomCurve:
    serializedVersion: 2
    m_Curve:
    - serializedVersion: 3
      time: 0
      value: 0
      inSlope: 0
      outSlope: 0
      tangentMode: 0
      weightedMode: 0
      inWeight: 0.33333334
      outWeight: 0.33333334
    m_PreInfinity: 2
    m_PostInfinity: 2
    m_RotationOrder: 4
  spreadCustomCurve:
    serializedVersion: 2
    m_Curve:
    - serializedVersion: 3
      time: 0
      value: 0
      inSlope: 0
      outSlope: 0
      tangentMode: 0
      weightedMode: 0
      inWeight: 0.33333334
      outWeight: 0.33333334
    m_PreInfinity: 2
    m_PostInfinity: 2
    m_RotationOrder: 4
  reverbZoneMixCustomCurve:
    serializedVersion: 2
    m_Curve:
    - serializedVersion: 3
      time: 0
      value: 1
      inSlope: 0
      outSlope: 0
      tangentMode: 0
      weightedMode: 0
      inWeight: 0.33333334
      outWeight: 0.33333334
    m_PreInfinity: 2
    m_PostInfinity: 2
    m_RotationOrder: 4
--- !u!1 &291164356
GameObject:
  m_ObjectHideFlags: 0
  m_CorrespondingSourceObject: {fileID: 0}
  m_PrefabInstance: {fileID: 0}
  m_PrefabAsset: {fileID: 0}
  serializedVersion: 6
  m_Component:
  - component: {fileID: 291164357}
  - component: {fileID: 291164360}
  - component: {fileID: 291164359}
  - component: {fileID: 291164358}
  m_Layer: 0
  m_Name: Speedcheck (6)
  m_TagString: Untagged
  m_Icon: {fileID: 0}
  m_NavMeshLayer: 0
  m_StaticEditorFlags: 0
  m_IsActive: 1
--- !u!4 &291164357
Transform:
  m_ObjectHideFlags: 0
  m_CorrespondingSourceObject: {fileID: 0}
  m_PrefabInstance: {fileID: 0}
  m_PrefabAsset: {fileID: 0}
  m_GameObject: {fileID: 291164356}
  m_LocalRotation: {x: 0, y: 0, z: 0, w: 1}
  m_LocalPosition: {x: 110.93552, y: 0.47, z: 89.46}
  m_LocalScale: {x: 1, y: 1, z: 1}
  m_Children: []
  m_Father: {fileID: 0}
  m_RootOrder: 4
  m_LocalEulerAnglesHint: {x: 0, y: 0, z: 0}
--- !u!65 &291164358
BoxCollider:
  m_ObjectHideFlags: 0
  m_CorrespondingSourceObject: {fileID: 0}
  m_PrefabInstance: {fileID: 0}
  m_PrefabAsset: {fileID: 0}
  m_GameObject: {fileID: 291164356}
  m_Material: {fileID: 0}
  m_IsTrigger: 0
  m_Enabled: 0
  serializedVersion: 2
  m_Size: {x: 1, y: 1, z: 1}
  m_Center: {x: 0, y: 0, z: 0}
--- !u!23 &291164359
MeshRenderer:
  m_ObjectHideFlags: 0
  m_CorrespondingSourceObject: {fileID: 0}
  m_PrefabInstance: {fileID: 0}
  m_PrefabAsset: {fileID: 0}
  m_GameObject: {fileID: 291164356}
  m_Enabled: 0
  m_CastShadows: 1
  m_ReceiveShadows: 1
  m_DynamicOccludee: 1
  m_MotionVectors: 1
  m_LightProbeUsage: 1
  m_ReflectionProbeUsage: 1
  m_RenderingLayerMask: 1
  m_RendererPriority: 0
  m_Materials:
  - {fileID: 10303, guid: 0000000000000000f000000000000000, type: 0}
  m_StaticBatchInfo:
    firstSubMesh: 0
    subMeshCount: 0
  m_StaticBatchRoot: {fileID: 0}
  m_ProbeAnchor: {fileID: 0}
  m_LightProbeVolumeOverride: {fileID: 0}
  m_ScaleInLightmap: 1
  m_PreserveUVs: 0
  m_IgnoreNormalsForChartDetection: 0
  m_ImportantGI: 0
  m_StitchLightmapSeams: 0
  m_SelectedEditorRenderState: 3
  m_MinimumChartSize: 4
  m_AutoUVMaxDistance: 0.5
  m_AutoUVMaxAngle: 89
  m_LightmapParameters: {fileID: 0}
  m_SortingLayerID: 0
  m_SortingLayer: 0
  m_SortingOrder: 0
--- !u!33 &291164360
MeshFilter:
  m_ObjectHideFlags: 0
  m_CorrespondingSourceObject: {fileID: 0}
  m_PrefabInstance: {fileID: 0}
  m_PrefabAsset: {fileID: 0}
  m_GameObject: {fileID: 291164356}
  m_Mesh: {fileID: 10202, guid: 0000000000000000e000000000000000, type: 0}
--- !u!1001 &328874526
PrefabInstance:
  m_ObjectHideFlags: 0
  serializedVersion: 2
  m_Modification:
    m_TransformParent: {fileID: 0}
    m_Modifications:
    - target: {fileID: 174412, guid: d91011873a48699488e1c1b9b86925e5, type: 3}
      propertyPath: m_Name
      value: stick (6)
      objectReference: {fileID: 0}
    - target: {fileID: 174412, guid: d91011873a48699488e1c1b9b86925e5, type: 3}
      propertyPath: m_IsActive
      value: 1
      objectReference: {fileID: 0}
    - target: {fileID: 461292, guid: d91011873a48699488e1c1b9b86925e5, type: 3}
      propertyPath: m_LocalPosition.x
      value: 107.48
      objectReference: {fileID: 0}
    - target: {fileID: 461292, guid: d91011873a48699488e1c1b9b86925e5, type: 3}
      propertyPath: m_LocalPosition.y
      value: 0.06
      objectReference: {fileID: 0}
    - target: {fileID: 461292, guid: d91011873a48699488e1c1b9b86925e5, type: 3}
      propertyPath: m_LocalPosition.z
      value: 90.36533
      objectReference: {fileID: 0}
    - target: {fileID: 461292, guid: d91011873a48699488e1c1b9b86925e5, type: 3}
      propertyPath: m_LocalRotation.x
      value: 0
      objectReference: {fileID: 0}
    - target: {fileID: 461292, guid: d91011873a48699488e1c1b9b86925e5, type: 3}
      propertyPath: m_LocalRotation.y
      value: 0
      objectReference: {fileID: 0}
    - target: {fileID: 461292, guid: d91011873a48699488e1c1b9b86925e5, type: 3}
      propertyPath: m_LocalRotation.z
      value: 0
      objectReference: {fileID: 0}
    - target: {fileID: 461292, guid: d91011873a48699488e1c1b9b86925e5, type: 3}
      propertyPath: m_LocalRotation.w
      value: 1
      objectReference: {fileID: 0}
    - target: {fileID: 461292, guid: d91011873a48699488e1c1b9b86925e5, type: 3}
      propertyPath: m_RootOrder
      value: 1
      objectReference: {fileID: 0}
    - target: {fileID: 461292, guid: d91011873a48699488e1c1b9b86925e5, type: 3}
      propertyPath: m_LocalEulerAnglesHint.x
      value: 0
      objectReference: {fileID: 0}
    - target: {fileID: 461292, guid: d91011873a48699488e1c1b9b86925e5, type: 3}
      propertyPath: m_LocalEulerAnglesHint.y
      value: 0
      objectReference: {fileID: 0}
    - target: {fileID: 461292, guid: d91011873a48699488e1c1b9b86925e5, type: 3}
      propertyPath: m_LocalEulerAnglesHint.z
      value: 0
      objectReference: {fileID: 0}
    - target: {fileID: 461292, guid: d91011873a48699488e1c1b9b86925e5, type: 3}
      propertyPath: m_LocalScale.y
      value: 2.1156058
      objectReference: {fileID: 0}
    - target: {fileID: 461292, guid: d91011873a48699488e1c1b9b86925e5, type: 3}
      propertyPath: m_LocalScale.z
      value: 0.7493096
      objectReference: {fileID: 0}
    - target: {fileID: 461292, guid: d91011873a48699488e1c1b9b86925e5, type: 3}
      propertyPath: m_LocalScale.x
      value: 0.69186
      objectReference: {fileID: 0}
    - target: {fileID: 6511088, guid: d91011873a48699488e1c1b9b86925e5, type: 3}
      propertyPath: m_Enabled
      value: 0
      objectReference: {fileID: 0}
    m_RemovedComponents: []
  m_SourcePrefab: {fileID: 100100000, guid: d91011873a48699488e1c1b9b86925e5, type: 3}
--- !u!1 &361169531
GameObject:
  m_ObjectHideFlags: 0
  m_CorrespondingSourceObject: {fileID: 0}
  m_PrefabInstance: {fileID: 0}
  m_PrefabAsset: {fileID: 0}
  serializedVersion: 6
  m_Component:
  - component: {fileID: 361169532}
  - component: {fileID: 361169535}
  - component: {fileID: 361169534}
  - component: {fileID: 361169533}
  m_Layer: 0
  m_Name: targetcube (5)
  m_TagString: Untagged
  m_Icon: {fileID: 0}
  m_NavMeshLayer: 0
  m_StaticEditorFlags: 0
  m_IsActive: 1
--- !u!4 &361169532
Transform:
  m_ObjectHideFlags: 0
  m_CorrespondingSourceObject: {fileID: 0}
  m_PrefabInstance: {fileID: 0}
  m_PrefabAsset: {fileID: 0}
  m_GameObject: {fileID: 361169531}
  m_LocalRotation: {x: 0, y: 0, z: 0, w: 1}
  m_LocalPosition: {x: 110.45, y: 0.7, z: 179.4}
  m_LocalScale: {x: 4.165329, y: 1, z: 1}
  m_Children: []
  m_Father: {fileID: 0}
  m_RootOrder: 0
  m_LocalEulerAnglesHint: {x: 0, y: 0, z: 0}
--- !u!65 &361169533
BoxCollider:
  m_ObjectHideFlags: 0
  m_CorrespondingSourceObject: {fileID: 0}
  m_PrefabInstance: {fileID: 0}
  m_PrefabAsset: {fileID: 0}
  m_GameObject: {fileID: 361169531}
  m_Material: {fileID: 0}
  m_IsTrigger: 0
  m_Enabled: 0
  serializedVersion: 2
  m_Size: {x: 1, y: 1, z: 1}
  m_Center: {x: 0, y: 0, z: 0}
--- !u!23 &361169534
MeshRenderer:
  m_ObjectHideFlags: 0
  m_CorrespondingSourceObject: {fileID: 0}
  m_PrefabInstance: {fileID: 0}
  m_PrefabAsset: {fileID: 0}
  m_GameObject: {fileID: 361169531}
  m_Enabled: 0
  m_CastShadows: 1
  m_ReceiveShadows: 1
  m_DynamicOccludee: 1
  m_MotionVectors: 1
  m_LightProbeUsage: 1
  m_ReflectionProbeUsage: 1
  m_RenderingLayerMask: 1
  m_RendererPriority: 0
  m_Materials:
  - {fileID: 10303, guid: 0000000000000000f000000000000000, type: 0}
  m_StaticBatchInfo:
    firstSubMesh: 0
    subMeshCount: 0
  m_StaticBatchRoot: {fileID: 0}
  m_ProbeAnchor: {fileID: 0}
  m_LightProbeVolumeOverride: {fileID: 0}
  m_ScaleInLightmap: 1
  m_PreserveUVs: 0
  m_IgnoreNormalsForChartDetection: 0
  m_ImportantGI: 0
  m_StitchLightmapSeams: 0
  m_SelectedEditorRenderState: 3
  m_MinimumChartSize: 4
  m_AutoUVMaxDistance: 0.5
  m_AutoUVMaxAngle: 89
  m_LightmapParameters: {fileID: 0}
  m_SortingLayerID: 0
  m_SortingLayer: 0
  m_SortingOrder: 0
--- !u!33 &361169535
MeshFilter:
  m_ObjectHideFlags: 0
  m_CorrespondingSourceObject: {fileID: 0}
  m_PrefabInstance: {fileID: 0}
  m_PrefabAsset: {fileID: 0}
  m_GameObject: {fileID: 361169531}
  m_Mesh: {fileID: 10202, guid: 0000000000000000e000000000000000, type: 0}
--- !u!1 &392449906
GameObject:
  m_ObjectHideFlags: 0
  m_CorrespondingSourceObject: {fileID: 0}
  m_PrefabInstance: {fileID: 0}
  m_PrefabAsset: {fileID: 0}
  serializedVersion: 6
  m_Component:
  - component: {fileID: 392449910}
  - component: {fileID: 392449909}
  - component: {fileID: 392449908}
  - component: {fileID: 392449907}
  m_Layer: 0
  m_Name: line1 (3)
  m_TagString: Untagged
  m_Icon: {fileID: 0}
  m_NavMeshLayer: 0
  m_StaticEditorFlags: 0
  m_IsActive: 1
--- !u!65 &392449907
BoxCollider:
  m_ObjectHideFlags: 0
  m_CorrespondingSourceObject: {fileID: 0}
  m_PrefabInstance: {fileID: 0}
  m_PrefabAsset: {fileID: 0}
  m_GameObject: {fileID: 392449906}
  m_Material: {fileID: 0}
  m_IsTrigger: 0
  m_Enabled: 0
  serializedVersion: 2
  m_Size: {x: 1, y: 1, z: 1}
  m_Center: {x: 0, y: 0, z: 0}
--- !u!23 &392449908
MeshRenderer:
  m_ObjectHideFlags: 0
  m_CorrespondingSourceObject: {fileID: 0}
  m_PrefabInstance: {fileID: 0}
  m_PrefabAsset: {fileID: 0}
  m_GameObject: {fileID: 392449906}
  m_Enabled: 1
  m_CastShadows: 1
  m_ReceiveShadows: 1
  m_DynamicOccludee: 1
  m_MotionVectors: 1
  m_LightProbeUsage: 1
  m_ReflectionProbeUsage: 1
  m_RenderingLayerMask: 1
  m_RendererPriority: 0
  m_Materials:
  - {fileID: 10303, guid: 0000000000000000f000000000000000, type: 0}
  m_StaticBatchInfo:
    firstSubMesh: 0
    subMeshCount: 0
  m_StaticBatchRoot: {fileID: 0}
  m_ProbeAnchor: {fileID: 0}
  m_LightProbeVolumeOverride: {fileID: 0}
  m_ScaleInLightmap: 1
  m_PreserveUVs: 0
  m_IgnoreNormalsForChartDetection: 0
  m_ImportantGI: 0
  m_StitchLightmapSeams: 0
  m_SelectedEditorRenderState: 3
  m_MinimumChartSize: 4
  m_AutoUVMaxDistance: 0.5
  m_AutoUVMaxAngle: 89
  m_LightmapParameters: {fileID: 0}
  m_SortingLayerID: 0
  m_SortingLayer: 0
  m_SortingOrder: 0
--- !u!33 &392449909
MeshFilter:
  m_ObjectHideFlags: 0
  m_CorrespondingSourceObject: {fileID: 0}
  m_PrefabInstance: {fileID: 0}
  m_PrefabAsset: {fileID: 0}
  m_GameObject: {fileID: 392449906}
  m_Mesh: {fileID: 10202, guid: 0000000000000000e000000000000000, type: 0}
--- !u!4 &392449910
Transform:
  m_ObjectHideFlags: 0
  m_CorrespondingSourceObject: {fileID: 0}
  m_PrefabInstance: {fileID: 0}
  m_PrefabAsset: {fileID: 0}
  m_GameObject: {fileID: 392449906}
  m_LocalRotation: {x: 0, y: 0, z: 0, w: 1}
  m_LocalPosition: {x: 110.6, y: 0.012, z: 90.3}
  m_LocalScale: {x: 6.829697, y: 0.051485296, z: 0.2777492}
  m_Children: []
  m_Father: {fileID: 0}
  m_RootOrder: 2
  m_LocalEulerAnglesHint: {x: 0, y: 0, z: 0}
--- !u!1 &455510408
GameObject:
  m_ObjectHideFlags: 0
  m_CorrespondingSourceObject: {fileID: 0}
  m_PrefabInstance: {fileID: 0}
  m_PrefabAsset: {fileID: 0}
  serializedVersion: 6
  m_Component:
  - component: {fileID: 455510409}
  - component: {fileID: 455510412}
  - component: {fileID: 455510411}
  - component: {fileID: 455510410}
  m_Layer: 0
  m_Name: Speedcheck (8)
  m_TagString: Untagged
  m_Icon: {fileID: 0}
  m_NavMeshLayer: 0
  m_StaticEditorFlags: 0
  m_IsActive: 1
--- !u!4 &455510409
Transform:
  m_ObjectHideFlags: 0
  m_CorrespondingSourceObject: {fileID: 0}
  m_PrefabInstance: {fileID: 0}
  m_PrefabAsset: {fileID: 0}
  m_GameObject: {fileID: 455510408}
  m_LocalRotation: {x: 0, y: 0, z: 0, w: 1}
  m_LocalPosition: {x: 110.93552, y: 0.47, z: 149.72}
  m_LocalScale: {x: 1, y: 1, z: 1}
  m_Children: []
  m_Father: {fileID: 0}
  m_RootOrder: 6
  m_LocalEulerAnglesHint: {x: 0, y: 0, z: 0}
--- !u!65 &455510410
BoxCollider:
  m_ObjectHideFlags: 0
  m_CorrespondingSourceObject: {fileID: 0}
  m_PrefabInstance: {fileID: 0}
  m_PrefabAsset: {fileID: 0}
  m_GameObject: {fileID: 455510408}
  m_Material: {fileID: 0}
  m_IsTrigger: 0
  m_Enabled: 0
  serializedVersion: 2
  m_Size: {x: 1, y: 1, z: 1}
  m_Center: {x: 0, y: 0, z: 0}
--- !u!23 &455510411
MeshRenderer:
  m_ObjectHideFlags: 0
  m_CorrespondingSourceObject: {fileID: 0}
  m_PrefabInstance: {fileID: 0}
  m_PrefabAsset: {fileID: 0}
  m_GameObject: {fileID: 455510408}
  m_Enabled: 0
  m_CastShadows: 1
  m_ReceiveShadows: 1
  m_DynamicOccludee: 1
  m_MotionVectors: 1
  m_LightProbeUsage: 1
  m_ReflectionProbeUsage: 1
  m_RenderingLayerMask: 1
  m_RendererPriority: 0
  m_Materials:
  - {fileID: 10303, guid: 0000000000000000f000000000000000, type: 0}
  m_StaticBatchInfo:
    firstSubMesh: 0
    subMeshCount: 0
  m_StaticBatchRoot: {fileID: 0}
  m_ProbeAnchor: {fileID: 0}
  m_LightProbeVolumeOverride: {fileID: 0}
  m_ScaleInLightmap: 1
  m_PreserveUVs: 0
  m_IgnoreNormalsForChartDetection: 0
  m_ImportantGI: 0
  m_StitchLightmapSeams: 0
  m_SelectedEditorRenderState: 3
  m_MinimumChartSize: 4
  m_AutoUVMaxDistance: 0.5
  m_AutoUVMaxAngle: 89
  m_LightmapParameters: {fileID: 0}
  m_SortingLayerID: 0
  m_SortingLayer: 0
  m_SortingOrder: 0
--- !u!33 &455510412
MeshFilter:
  m_ObjectHideFlags: 0
  m_CorrespondingSourceObject: {fileID: 0}
  m_PrefabInstance: {fileID: 0}
  m_PrefabAsset: {fileID: 0}
  m_GameObject: {fileID: 455510408}
  m_Mesh: {fileID: 10202, guid: 0000000000000000e000000000000000, type: 0}
--- !u!1001 &1205462421
PrefabInstance:
  m_ObjectHideFlags: 0
  serializedVersion: 2
  m_Modification:
    m_TransformParent: {fileID: 0}
    m_Modifications:
    - target: {fileID: 174412, guid: d91011873a48699488e1c1b9b86925e5, type: 3}
      propertyPath: m_Name
      value: stick (7)
      objectReference: {fileID: 0}
    - target: {fileID: 174412, guid: d91011873a48699488e1c1b9b86925e5, type: 3}
      propertyPath: m_IsActive
      value: 1
      objectReference: {fileID: 0}
    - target: {fileID: 461292, guid: d91011873a48699488e1c1b9b86925e5, type: 3}
      propertyPath: m_LocalPosition.x
      value: 113.65
      objectReference: {fileID: 0}
    - target: {fileID: 461292, guid: d91011873a48699488e1c1b9b86925e5, type: 3}
      propertyPath: m_LocalPosition.y
      value: 0.055999994
      objectReference: {fileID: 0}
    - target: {fileID: 461292, guid: d91011873a48699488e1c1b9b86925e5, type: 3}
      propertyPath: m_LocalPosition.z
      value: 90.36533
      objectReference: {fileID: 0}
    - target: {fileID: 461292, guid: d91011873a48699488e1c1b9b86925e5, type: 3}
      propertyPath: m_LocalRotation.x
      value: 0
      objectReference: {fileID: 0}
    - target: {fileID: 461292, guid: d91011873a48699488e1c1b9b86925e5, type: 3}
      propertyPath: m_LocalRotation.y
      value: 0
      objectReference: {fileID: 0}
    - target: {fileID: 461292, guid: d91011873a48699488e1c1b9b86925e5, type: 3}
      propertyPath: m_LocalRotation.z
      value: 0
      objectReference: {fileID: 0}
    - target: {fileID: 461292, guid: d91011873a48699488e1c1b9b86925e5, type: 3}
      propertyPath: m_LocalRotation.w
      value: 1
      objectReference: {fileID: 0}
    - target: {fileID: 461292, guid: d91011873a48699488e1c1b9b86925e5, type: 3}
      propertyPath: m_RootOrder
      value: 3
      objectReference: {fileID: 0}
    - target: {fileID: 461292, guid: d91011873a48699488e1c1b9b86925e5, type: 3}
      propertyPath: m_LocalEulerAnglesHint.x
      value: 0
      objectReference: {fileID: 0}
    - target: {fileID: 461292, guid: d91011873a48699488e1c1b9b86925e5, type: 3}
      propertyPath: m_LocalEulerAnglesHint.y
      value: 0
      objectReference: {fileID: 0}
    - target: {fileID: 461292, guid: d91011873a48699488e1c1b9b86925e5, type: 3}
      propertyPath: m_LocalEulerAnglesHint.z
      value: 0
      objectReference: {fileID: 0}
    - target: {fileID: 461292, guid: d91011873a48699488e1c1b9b86925e5, type: 3}
      propertyPath: m_LocalScale.y
      value: 2.1156058
      objectReference: {fileID: 0}
    - target: {fileID: 461292, guid: d91011873a48699488e1c1b9b86925e5, type: 3}
      propertyPath: m_LocalScale.z
      value: 0.7493096
      objectReference: {fileID: 0}
    - target: {fileID: 461292, guid: d91011873a48699488e1c1b9b86925e5, type: 3}
      propertyPath: m_LocalScale.x
      value: 0.69186
      objectReference: {fileID: 0}
    - target: {fileID: 6511088, guid: d91011873a48699488e1c1b9b86925e5, type: 3}
      propertyPath: m_Enabled
      value: 0
      objectReference: {fileID: 0}
    m_RemovedComponents: []
  m_SourcePrefab: {fileID: 100100000, guid: d91011873a48699488e1c1b9b86925e5, type: 3}
--- !u!1001 &1678065779
PrefabInstance:
  m_ObjectHideFlags: 0
  serializedVersion: 2
  m_Modification:
    m_TransformParent: {fileID: 31330190}
    m_Modifications:
    - target: {fileID: 1811444609481538, guid: 4f9a1168ab73c884bb900de3b6909c10, type: 3}
      propertyPath: m_Name
      value: SEDAN
      objectReference: {fileID: 0}
    - target: {fileID: 1811444609481538, guid: 4f9a1168ab73c884bb900de3b6909c10, type: 3}
      propertyPath: m_IsActive
      value: 1
      objectReference: {fileID: 0}
    - target: {fileID: 4876364002059338, guid: 4f9a1168ab73c884bb900de3b6909c10, type: 3}
      propertyPath: m_LocalPosition.x
      value: 0
      objectReference: {fileID: 0}
    - target: {fileID: 4876364002059338, guid: 4f9a1168ab73c884bb900de3b6909c10, type: 3}
      propertyPath: m_LocalPosition.y
      value: 0
      objectReference: {fileID: 0}
    - target: {fileID: 4876364002059338, guid: 4f9a1168ab73c884bb900de3b6909c10, type: 3}
      propertyPath: m_LocalPosition.z
      value: 0
      objectReference: {fileID: 0}
    - target: {fileID: 4876364002059338, guid: 4f9a1168ab73c884bb900de3b6909c10, type: 3}
      propertyPath: m_LocalRotation.x
      value: -0
      objectReference: {fileID: 0}
    - target: {fileID: 4876364002059338, guid: 4f9a1168ab73c884bb900de3b6909c10, type: 3}
      propertyPath: m_LocalRotation.y
      value: -0.014752002
      objectReference: {fileID: 0}
    - target: {fileID: 4876364002059338, guid: 4f9a1168ab73c884bb900de3b6909c10, type: 3}
      propertyPath: m_LocalRotation.z
      value: -0
      objectReference: {fileID: 0}
    - target: {fileID: 4876364002059338, guid: 4f9a1168ab73c884bb900de3b6909c10, type: 3}
      propertyPath: m_LocalRotation.w
      value: 0.9998912
      objectReference: {fileID: 0}
    - target: {fileID: 4876364002059338, guid: 4f9a1168ab73c884bb900de3b6909c10, type: 3}
      propertyPath: m_RootOrder
      value: 6
      objectReference: {fileID: 0}
    - target: {fileID: 4876364002059338, guid: 4f9a1168ab73c884bb900de3b6909c10, type: 3}
      propertyPath: m_LocalEulerAnglesHint.x
      value: 0
      objectReference: {fileID: 0}
    - target: {fileID: 4876364002059338, guid: 4f9a1168ab73c884bb900de3b6909c10, type: 3}
      propertyPath: m_LocalEulerAnglesHint.y
      value: -1.6910001
      objectReference: {fileID: 0}
    - target: {fileID: 4876364002059338, guid: 4f9a1168ab73c884bb900de3b6909c10, type: 3}
      propertyPath: m_LocalEulerAnglesHint.z
      value: 0
      objectReference: {fileID: 0}
    m_RemovedComponents: []
  m_SourcePrefab: {fileID: 100100000, guid: 4f9a1168ab73c884bb900de3b6909c10, type: 3}
--- !u!1 &1678065780 stripped
GameObject:
  m_CorrespondingSourceObject: {fileID: 1974507650196358, guid: 4f9a1168ab73c884bb900de3b6909c10,
    type: 3}
  m_PrefabInstance: {fileID: 1678065779}
  m_PrefabAsset: {fileID: 0}
--- !u!1 &1678065781 stripped
GameObject:
  m_CorrespondingSourceObject: {fileID: 1920077751133810, guid: 4f9a1168ab73c884bb900de3b6909c10,
    type: 3}
  m_PrefabInstance: {fileID: 1678065779}
  m_PrefabAsset: {fileID: 0}
--- !u!1 &1678065782 stripped
GameObject:
  m_CorrespondingSourceObject: {fileID: 1961088883601900, guid: 4f9a1168ab73c884bb900de3b6909c10,
    type: 3}
  m_PrefabInstance: {fileID: 1678065779}
  m_PrefabAsset: {fileID: 0}
--- !u!1 &1678065783 stripped
GameObject:
  m_CorrespondingSourceObject: {fileID: 1829688964796470, guid: 4f9a1168ab73c884bb900de3b6909c10,
    type: 3}
  m_PrefabInstance: {fileID: 1678065779}
  m_PrefabAsset: {fileID: 0}
--- !u!1 &1956070164
GameObject:
  m_ObjectHideFlags: 0
  m_CorrespondingSourceObject: {fileID: 0}
  m_PrefabInstance: {fileID: 0}
  m_PrefabAsset: {fileID: 0}
  serializedVersion: 6
  m_Component:
  - component: {fileID: 1956070165}
  - component: {fileID: 1956070168}
  - component: {fileID: 1956070167}
  - component: {fileID: 1956070166}
  m_Layer: 0
  m_Name: Speedcheck (7)
  m_TagString: Untagged
  m_Icon: {fileID: 0}
  m_NavMeshLayer: 0
  m_StaticEditorFlags: 0
  m_IsActive: 1
--- !u!4 &1956070165
Transform:
  m_ObjectHideFlags: 0
  m_CorrespondingSourceObject: {fileID: 0}
  m_PrefabInstance: {fileID: 0}
  m_PrefabAsset: {fileID: 0}
  m_GameObject: {fileID: 1956070164}
  m_LocalRotation: {x: 0, y: 0, z: 0, w: 1}
  m_LocalPosition: {x: 110.93552, y: 0.47, z: 121.4}
  m_LocalScale: {x: 1, y: 1, z: 1}
  m_Children: []
  m_Father: {fileID: 0}
  m_RootOrder: 5
  m_LocalEulerAnglesHint: {x: 0, y: 0, z: 0}
--- !u!65 &1956070166
BoxCollider:
  m_ObjectHideFlags: 0
  m_CorrespondingSourceObject: {fileID: 0}
  m_PrefabInstance: {fileID: 0}
  m_PrefabAsset: {fileID: 0}
  m_GameObject: {fileID: 1956070164}
  m_Material: {fileID: 0}
  m_IsTrigger: 0
  m_Enabled: 0
  serializedVersion: 2
  m_Size: {x: 1, y: 1, z: 1}
  m_Center: {x: 0, y: 0, z: 0}
--- !u!23 &1956070167
MeshRenderer:
  m_ObjectHideFlags: 0
  m_CorrespondingSourceObject: {fileID: 0}
  m_PrefabInstance: {fileID: 0}
  m_PrefabAsset: {fileID: 0}
  m_GameObject: {fileID: 1956070164}
  m_Enabled: 0
  m_CastShadows: 1
  m_ReceiveShadows: 1
  m_DynamicOccludee: 1
  m_MotionVectors: 1
  m_LightProbeUsage: 1
  m_ReflectionProbeUsage: 1
  m_RenderingLayerMask: 1
  m_RendererPriority: 0
  m_Materials:
  - {fileID: 10303, guid: 0000000000000000f000000000000000, type: 0}
  m_StaticBatchInfo:
    firstSubMesh: 0
    subMeshCount: 0
  m_StaticBatchRoot: {fileID: 0}
  m_ProbeAnchor: {fileID: 0}
  m_LightProbeVolumeOverride: {fileID: 0}
  m_ScaleInLightmap: 1
  m_PreserveUVs: 0
  m_IgnoreNormalsForChartDetection: 0
  m_ImportantGI: 0
  m_StitchLightmapSeams: 0
  m_SelectedEditorRenderState: 3
  m_MinimumChartSize: 4
  m_AutoUVMaxDistance: 0.5
  m_AutoUVMaxAngle: 89
  m_LightmapParameters: {fileID: 0}
  m_SortingLayerID: 0
  m_SortingLayer: 0
  m_SortingOrder: 0
--- !u!33 &1956070168
MeshFilter:
  m_ObjectHideFlags: 0
  m_CorrespondingSourceObject: {fileID: 0}
  m_PrefabInstance: {fileID: 0}
  m_PrefabAsset: {fileID: 0}
  m_GameObject: {fileID: 1956070164}
  m_Mesh: {fileID: 10202, guid: 0000000000000000e000000000000000, type: 0}
