%YAML 1.1
%TAG !u! tag:unity3d.com,2011:
--- !u!29 &1
OcclusionCullingSettings:
  m_ObjectHideFlags: 0
  serializedVersion: 2
  m_OcclusionBakeSettings:
    smallestOccluder: 5
    smallestHole: 0.25
    backfaceThreshold: 100
  m_SceneGUID: 00000000000000000000000000000000
  m_OcclusionCullingData: {fileID: 0}
--- !u!104 &2
RenderSettings:
  m_ObjectHideFlags: 0
  serializedVersion: 9
  m_Fog: 0
  m_FogColor: {r: 0.5, g: 0.5, b: 0.5, a: 1}
  m_FogMode: 3
  m_FogDensity: 0.01
  m_LinearFogStart: 0
  m_LinearFogEnd: 300
  m_AmbientSkyColor: {r: 0.212, g: 0.227, b: 0.259, a: 1}
  m_AmbientEquatorColor: {r: 0.114, g: 0.125, b: 0.133, a: 1}
  m_AmbientGroundColor: {r: 0.047, g: 0.043, b: 0.035, a: 1}
  m_AmbientIntensity: 1
  m_AmbientMode: 0
  m_SubtractiveShadowColor: {r: 0.42, g: 0.478, b: 0.627, a: 1}
  m_SkyboxMaterial: {fileID: 10304, guid: 0000000000000000f000000000000000, type: 0}
  m_HaloStrength: 0.5
  m_FlareStrength: 1
  m_FlareFadeSpeed: 3
  m_HaloTexture: {fileID: 0}
  m_SpotCookie: {fileID: 10001, guid: 0000000000000000e000000000000000, type: 0}
  m_DefaultReflectionMode: 0
  m_DefaultReflectionResolution: 128
  m_ReflectionBounces: 1
  m_ReflectionIntensity: 1
  m_CustomReflection: {fileID: 0}
  m_Sun: {fileID: 0}
  m_IndirectSpecularColor: {r: 0.18028486, g: 0.22571586, b: 0.30692607, a: 1}
  m_UseRadianceAmbientProbe: 0
--- !u!157 &3
LightmapSettings:
  m_ObjectHideFlags: 0
  serializedVersion: 11
  m_GIWorkflowMode: 0
  m_GISettings:
    serializedVersion: 2
    m_BounceScale: 1
    m_IndirectOutputScale: 1
    m_AlbedoBoost: 1
    m_EnvironmentLightingMode: 0
    m_EnableBakedLightmaps: 1
    m_EnableRealtimeLightmaps: 1
  m_LightmapEditorSettings:
    serializedVersion: 10
    m_Resolution: 2
    m_BakeResolution: 40
    m_AtlasSize: 1024
    m_AO: 0
    m_AOMaxDistance: 1
    m_CompAOExponent: 1
    m_CompAOExponentDirect: 0
    m_Padding: 2
    m_LightmapParameters: {fileID: 0}
    m_LightmapsBakeMode: 1
    m_TextureCompression: 1
    m_FinalGather: 0
    m_FinalGatherFiltering: 1
    m_FinalGatherRayCount: 256
    m_ReflectionCompression: 2
    m_MixedBakeMode: 2
    m_BakeBackend: 1
    m_PVRSampling: 1
    m_PVRDirectSampleCount: 32
    m_PVRSampleCount: 500
    m_PVRBounces: 2
    m_PVRFilterTypeDirect: 0
    m_PVRFilterTypeIndirect: 0
    m_PVRFilterTypeAO: 0
    m_PVRFilteringMode: 1
    m_PVRCulling: 1
    m_PVRFilteringGaussRadiusDirect: 1
    m_PVRFilteringGaussRadiusIndirect: 5
    m_PVRFilteringGaussRadiusAO: 2
    m_PVRFilteringAtrousPositionSigmaDirect: 0.5
    m_PVRFilteringAtrousPositionSigmaIndirect: 2
    m_PVRFilteringAtrousPositionSigmaAO: 1
    m_ShowResolutionOverlay: 1
  m_LightingDataAsset: {fileID: 0}
  m_UseShadowmask: 1
--- !u!196 &4
NavMeshSettings:
  serializedVersion: 2
  m_ObjectHideFlags: 0
  m_BuildSettings:
    serializedVersion: 2
    agentTypeID: 0
    agentRadius: 0.5
    agentHeight: 2
    agentSlope: 45
    agentClimb: 0.4
    ledgeDropHeight: 0
    maxJumpAcrossDistance: 0
    minRegionArea: 2
    manualCellSize: 0
    cellSize: 0.16666667
    manualTileSize: 0
    tileSize: 256
    accuratePlacement: 0
    debug:
      m_Flags: 0
  m_NavMeshData: {fileID: 0}
--- !u!1001 &501410014
PrefabInstance:
  m_ObjectHideFlags: 0
  serializedVersion: 2
  m_Modification:
    m_TransformParent: {fileID: 0}
    m_Modifications:
    - target: {fileID: 174412, guid: d91011873a48699488e1c1b9b86925e5, type: 3}
      propertyPath: m_Name
      value: stick (5)
      objectReference: {fileID: 0}
    - target: {fileID: 174412, guid: d91011873a48699488e1c1b9b86925e5, type: 3}
      propertyPath: m_IsActive
      value: 1
      objectReference: {fileID: 0}
    - target: {fileID: 461292, guid: d91011873a48699488e1c1b9b86925e5, type: 3}
      propertyPath: m_LocalPosition.x
      value: 113.65
      objectReference: {fileID: 0}
    - target: {fileID: 461292, guid: d91011873a48699488e1c1b9b86925e5, type: 3}
      propertyPath: m_LocalPosition.y
      value: 0.055999994
      objectReference: {fileID: 0}
    - target: {fileID: 461292, guid: d91011873a48699488e1c1b9b86925e5, type: 3}
      propertyPath: m_LocalPosition.z
      value: 90.36533
      objectReference: {fileID: 0}
    - target: {fileID: 461292, guid: d91011873a48699488e1c1b9b86925e5, type: 3}
      propertyPath: m_LocalRotation.x
      value: 0
      objectReference: {fileID: 0}
    - target: {fileID: 461292, guid: d91011873a48699488e1c1b9b86925e5, type: 3}
      propertyPath: m_LocalRotation.y
      value: 0
      objectReference: {fileID: 0}
    - target: {fileID: 461292, guid: d91011873a48699488e1c1b9b86925e5, type: 3}
      propertyPath: m_LocalRotation.z
      value: 0
      objectReference: {fileID: 0}
    - target: {fileID: 461292, guid: d91011873a48699488e1c1b9b86925e5, type: 3}
      propertyPath: m_LocalRotation.w
      value: 1
      objectReference: {fileID: 0}
    - target: {fileID: 461292, guid: d91011873a48699488e1c1b9b86925e5, type: 3}
      propertyPath: m_RootOrder
      value: 3
      objectReference: {fileID: 0}
    - target: {fileID: 461292, guid: d91011873a48699488e1c1b9b86925e5, type: 3}
      propertyPath: m_LocalEulerAnglesHint.x
      value: 0
      objectReference: {fileID: 0}
    - target: {fileID: 461292, guid: d91011873a48699488e1c1b9b86925e5, type: 3}
      propertyPath: m_LocalEulerAnglesHint.y
      value: 0
      objectReference: {fileID: 0}
    - target: {fileID: 461292, guid: d91011873a48699488e1c1b9b86925e5, type: 3}
      propertyPath: m_LocalEulerAnglesHint.z
      value: 0
      objectReference: {fileID: 0}
    - target: {fileID: 461292, guid: d91011873a48699488e1c1b9b86925e5, type: 3}
      propertyPath: m_LocalScale.y
      value: 2.1156058
      objectReference: {fileID: 0}
    - target: {fileID: 461292, guid: d91011873a48699488e1c1b9b86925e5, type: 3}
      propertyPath: m_LocalScale.z
      value: 0.7493096
      objectReference: {fileID: 0}
    - target: {fileID: 461292, guid: d91011873a48699488e1c1b9b86925e5, type: 3}
      propertyPath: m_LocalScale.x
      value: 0.69186
      objectReference: {fileID: 0}
    - target: {fileID: 6511088, guid: d91011873a48699488e1c1b9b86925e5, type: 3}
      propertyPath: m_Enabled
      value: 0
      objectReference: {fileID: 0}
    m_RemovedComponents: []
  m_SourcePrefab: {fileID: 100100000, guid: d91011873a48699488e1c1b9b86925e5, type: 3}
--- !u!1 &842085888
GameObject:
  m_ObjectHideFlags: 0
  m_CorrespondingSourceObject: {fileID: 0}
  m_PrefabInstance: {fileID: 0}
  m_PrefabAsset: {fileID: 0}
  serializedVersion: 6
  m_Component:
  - component: {fileID: 842085889}
  - component: {fileID: 842085892}
  - component: {fileID: 842085891}
  - component: {fileID: 842085890}
  m_Layer: 0
  m_Name: Speedcheck (4)
  m_TagString: Untagged
  m_Icon: {fileID: 0}
  m_NavMeshLayer: 0
  m_StaticEditorFlags: 0
  m_IsActive: 1
--- !u!4 &842085889
Transform:
  m_ObjectHideFlags: 0
  m_CorrespondingSourceObject: {fileID: 0}
  m_PrefabInstance: {fileID: 0}
  m_PrefabAsset: {fileID: 0}
  m_GameObject: {fileID: 842085888}
  m_LocalRotation: {x: 0, y: 0, z: 0, w: 1}
  m_LocalPosition: {x: 110.93552, y: 0.47, z: 121.4}
  m_LocalScale: {x: 1, y: 1, z: 1}
  m_Children: []
  m_Father: {fileID: 0}
  m_RootOrder: 5
  m_LocalEulerAnglesHint: {x: 0, y: 0, z: 0}
--- !u!65 &842085890
BoxCollider:
  m_ObjectHideFlags: 0
  m_CorrespondingSourceObject: {fileID: 0}
  m_PrefabInstance: {fileID: 0}
  m_PrefabAsset: {fileID: 0}
  m_GameObject: {fileID: 842085888}
  m_Material: {fileID: 0}
  m_IsTrigger: 0
  m_Enabled: 0
  serializedVersion: 2
  m_Size: {x: 1, y: 1, z: 1}
  m_Center: {x: 0, y: 0, z: 0}
--- !u!23 &842085891
MeshRenderer:
  m_ObjectHideFlags: 0
  m_CorrespondingSourceObject: {fileID: 0}
  m_PrefabInstance: {fileID: 0}
  m_PrefabAsset: {fileID: 0}
  m_GameObject: {fileID: 842085888}
  m_Enabled: 0
  m_CastShadows: 1
  m_ReceiveShadows: 1
  m_DynamicOccludee: 1
  m_MotionVectors: 1
  m_LightProbeUsage: 1
  m_ReflectionProbeUsage: 1
  m_RenderingLayerMask: 1
  m_RendererPriority: 0
  m_Materials:
  - {fileID: 10303, guid: 0000000000000000f000000000000000, type: 0}
  m_StaticBatchInfo:
    firstSubMesh: 0
    subMeshCount: 0
  m_StaticBatchRoot: {fileID: 0}
  m_ProbeAnchor: {fileID: 0}
  m_LightProbeVolumeOverride: {fileID: 0}
  m_ScaleInLightmap: 1
  m_PreserveUVs: 0
  m_IgnoreNormalsForChartDetection: 0
  m_ImportantGI: 0
  m_StitchLightmapSeams: 0
  m_SelectedEditorRenderState: 3
  m_MinimumChartSize: 4
  m_AutoUVMaxDistance: 0.5
  m_AutoUVMaxAngle: 89
  m_LightmapParameters: {fileID: 0}
  m_SortingLayerID: 0
  m_SortingLayer: 0
  m_SortingOrder: 0
--- !u!33 &842085892
MeshFilter:
  m_ObjectHideFlags: 0
  m_CorrespondingSourceObject: {fileID: 0}
  m_PrefabInstance: {fileID: 0}
  m_PrefabAsset: {fileID: 0}
  m_GameObject: {fileID: 842085888}
  m_Mesh: {fileID: 10202, guid: 0000000000000000e000000000000000, type: 0}
--- !u!1001 &1060992865
PrefabInstance:
  m_ObjectHideFlags: 0
  serializedVersion: 2
  m_Modification:
    m_TransformParent: {fileID: 0}
    m_Modifications:
    - target: {fileID: 100028, guid: 0fb4610dba67fc24cb2a6674fb155fc1, type: 3}
      propertyPath: m_IsActive
      value: 0
      objectReference: {fileID: 0}
    - target: {fileID: 100064, guid: 0fb4610dba67fc24cb2a6674fb155fc1, type: 3}
      propertyPath: m_Name
      value: CarWaypointBased (8)
      objectReference: {fileID: 0}
    - target: {fileID: 400008, guid: 0fb4610dba67fc24cb2a6674fb155fc1, type: 3}
      propertyPath: m_LocalPosition.y
      value: 0.78
      objectReference: {fileID: 0}
    - target: {fileID: 400008, guid: 0fb4610dba67fc24cb2a6674fb155fc1, type: 3}
      propertyPath: m_LocalPosition.z
      value: 1.3899994
      objectReference: {fileID: 0}
    - target: {fileID: 400008, guid: 0fb4610dba67fc24cb2a6674fb155fc1, type: 3}
      propertyPath: m_LocalRotation.x
      value: 0.14242198
      objectReference: {fileID: 0}
    - target: {fileID: 400008, guid: 0fb4610dba67fc24cb2a6674fb155fc1, type: 3}
      propertyPath: m_LocalRotation.y
      value: 0.018463055
      objectReference: {fileID: 0}
    - target: {fileID: 400008, guid: 0fb4610dba67fc24cb2a6674fb155fc1, type: 3}
      propertyPath: m_LocalRotation.z
      value: 0.008786211
      objectReference: {fileID: 0}
    - target: {fileID: 400008, guid: 0fb4610dba67fc24cb2a6674fb155fc1, type: 3}
      propertyPath: m_LocalRotation.w
      value: 0.9895949
      objectReference: {fileID: 0}
    - target: {fileID: 400008, guid: 0fb4610dba67fc24cb2a6674fb155fc1, type: 3}
      propertyPath: m_LocalEulerAnglesHint.x
      value: 16.353
      objectReference: {fileID: 0}
    - target: {fileID: 400008, guid: 0fb4610dba67fc24cb2a6674fb155fc1, type: 3}
      propertyPath: m_LocalEulerAnglesHint.y
      value: 2.332
      objectReference: {fileID: 0}
    - target: {fileID: 400008, guid: 0fb4610dba67fc24cb2a6674fb155fc1, type: 3}
      propertyPath: m_LocalEulerAnglesHint.z
      value: 1.353
      objectReference: {fileID: 0}
    - target: {fileID: 400010, guid: 0fb4610dba67fc24cb2a6674fb155fc1, type: 3}
      propertyPath: m_LocalScale.z
      value: 4.760939
      objectReference: {fileID: 0}
    - target: {fileID: 400010, guid: 0fb4610dba67fc24cb2a6674fb155fc1, type: 3}
      propertyPath: m_LocalPosition.z
      value: -0.03
      objectReference: {fileID: 0}
    - target: {fileID: 400012, guid: 0fb4610dba67fc24cb2a6674fb155fc1, type: 3}
      propertyPath: m_LocalPosition.z
      value: -0.26
      objectReference: {fileID: 0}
    - target: {fileID: 400046, guid: 0fb4610dba67fc24cb2a6674fb155fc1, type: 3}
      propertyPath: m_LocalPosition.z
      value: -1.364
      objectReference: {fileID: 0}
    - target: {fileID: 400046, guid: 0fb4610dba67fc24cb2a6674fb155fc1, type: 3}
      propertyPath: m_LocalPosition.x
      value: -0.75
      objectReference: {fileID: 0}
    - target: {fileID: 400052, guid: 0fb4610dba67fc24cb2a6674fb155fc1, type: 3}
      propertyPath: m_LocalPosition.z
      value: -1.224
      objectReference: {fileID: 0}
    - target: {fileID: 400052, guid: 0fb4610dba67fc24cb2a6674fb155fc1, type: 3}
      propertyPath: m_LocalPosition.x
      value: 0.86
      objectReference: {fileID: 0}
    - target: {fileID: 400054, guid: 0fb4610dba67fc24cb2a6674fb155fc1, type: 3}
      propertyPath: m_LocalPosition.z
      value: 1.529
      objectReference: {fileID: 0}
    - target: {fileID: 400054, guid: 0fb4610dba67fc24cb2a6674fb155fc1, type: 3}
      propertyPath: m_LocalPosition.x
      value: -0.81
      objectReference: {fileID: 0}
    - target: {fileID: 400056, guid: 0fb4610dba67fc24cb2a6674fb155fc1, type: 3}
      propertyPath: m_LocalPosition.z
      value: 1.584
      objectReference: {fileID: 0}
    - target: {fileID: 400056, guid: 0fb4610dba67fc24cb2a6674fb155fc1, type: 3}
      propertyPath: m_LocalPosition.x
      value: 0.69
      objectReference: {fileID: 0}
    - target: {fileID: 400056, guid: 0fb4610dba67fc24cb2a6674fb155fc1, type: 3}
      propertyPath: m_LocalPosition.y
      value: 0.502
      objectReference: {fileID: 0}
    - target: {fileID: 400064, guid: 0fb4610dba67fc24cb2a6674fb155fc1, type: 3}
      propertyPath: m_LocalPosition.x
      value: 110.40067
      objectReference: {fileID: 0}
    - target: {fileID: 400064, guid: 0fb4610dba67fc24cb2a6674fb155fc1, type: 3}
      propertyPath: m_LocalPosition.y
      value: 0.00091552734
      objectReference: {fileID: 0}
    - target: {fileID: 400064, guid: 0fb4610dba67fc24cb2a6674fb155fc1, type: 3}
      propertyPath: m_LocalPosition.z
      value: 37.4
      objectReference: {fileID: 0}
    - target: {fileID: 400064, guid: 0fb4610dba67fc24cb2a6674fb155fc1, type: 3}
      propertyPath: m_LocalRotation.x
      value: 0
      objectReference: {fileID: 0}
    - target: {fileID: 400064, guid: 0fb4610dba67fc24cb2a6674fb155fc1, type: 3}
      propertyPath: m_LocalRotation.y
      value: 0
      objectReference: {fileID: 0}
    - target: {fileID: 400064, guid: 0fb4610dba67fc24cb2a6674fb155fc1, type: 3}
      propertyPath: m_LocalRotation.z
      value: 0
      objectReference: {fileID: 0}
    - target: {fileID: 400064, guid: 0fb4610dba67fc24cb2a6674fb155fc1, type: 3}
      propertyPath: m_LocalRotation.w
      value: 1
      objectReference: {fileID: 0}
    - target: {fileID: 400064, guid: 0fb4610dba67fc24cb2a6674fb155fc1, type: 3}
      propertyPath: m_RootOrder
      value: 7
      objectReference: {fileID: 0}
    - target: {fileID: 400064, guid: 0fb4610dba67fc24cb2a6674fb155fc1, type: 3}
      propertyPath: m_LocalEulerAnglesHint.x
      value: 0
      objectReference: {fileID: 0}
    - target: {fileID: 400064, guid: 0fb4610dba67fc24cb2a6674fb155fc1, type: 3}
      propertyPath: m_LocalEulerAnglesHint.y
      value: 0
      objectReference: {fileID: 0}
    - target: {fileID: 400064, guid: 0fb4610dba67fc24cb2a6674fb155fc1, type: 3}
      propertyPath: m_LocalEulerAnglesHint.z
      value: 0
      objectReference: {fileID: 0}
    - target: {fileID: 11400020, guid: 0fb4610dba67fc24cb2a6674fb155fc1, type: 3}
      propertyPath: m_SpeedType
      value: 0
      objectReference: {fileID: 0}
    - target: {fileID: 11400020, guid: 0fb4610dba67fc24cb2a6674fb155fc1, type: 3}
      propertyPath: m_Topspeed
      value: 30
      objectReference: {fileID: 0}
    - target: {fileID: 11400020, guid: 0fb4610dba67fc24cb2a6674fb155fc1, type: 3}
      propertyPath: m_WheelMeshes.Array.data[1]
      value: 
      objectReference: {fileID: 1801652374}
    - target: {fileID: 11400020, guid: 0fb4610dba67fc24cb2a6674fb155fc1, type: 3}
      propertyPath: m_WheelMeshes.Array.data[0]
      value: 
      objectReference: {fileID: 1801652375}
    - target: {fileID: 11400020, guid: 0fb4610dba67fc24cb2a6674fb155fc1, type: 3}
      propertyPath: m_WheelMeshes.Array.data[3]
      value: 
      objectReference: {fileID: 1801652372}
    - target: {fileID: 11400020, guid: 0fb4610dba67fc24cb2a6674fb155fc1, type: 3}
      propertyPath: m_WheelMeshes.Array.data[2]
      value: 
      objectReference: {fileID: 1801652373}
    - target: {fileID: 11400022, guid: 0fb4610dba67fc24cb2a6674fb155fc1, type: 3}
      propertyPath: m_Target
      value: 
      objectReference: {fileID: 1192045950}
    - target: {fileID: 11400022, guid: 0fb4610dba67fc24cb2a6674fb155fc1, type: 3}
      propertyPath: m_StopWhenTargetReached
      value: 1
      objectReference: {fileID: 0}
    - target: {fileID: 11400022, guid: 0fb4610dba67fc24cb2a6674fb155fc1, type: 3}
      propertyPath: m_CautiousSpeedFactor
      value: 1
      objectReference: {fileID: 0}
    - target: {fileID: 11400022, guid: 0fb4610dba67fc24cb2a6674fb155fc1, type: 3}
      propertyPath: m_Enabled
      value: 0
      objectReference: {fileID: 0}
    - target: {fileID: 11400024, guid: 0fb4610dba67fc24cb2a6674fb155fc1, type: 3}
      propertyPath: m_Enabled
      value: 0
      objectReference: {fileID: 0}
    - target: {fileID: 19800000, guid: 0fb4610dba67fc24cb2a6674fb155fc1, type: 3}
      propertyPath: InitialModule.startSizeY.minMaxState
      value: 3
      objectReference: {fileID: 0}
    - target: {fileID: 19800000, guid: 0fb4610dba67fc24cb2a6674fb155fc1, type: 3}
      propertyPath: InitialModule.startSizeZ.minMaxState
      value: 3
      objectReference: {fileID: 0}
    - target: {fileID: 19800000, guid: 0fb4610dba67fc24cb2a6674fb155fc1, type: 3}
      propertyPath: InitialModule.startRotationX.minMaxState
      value: 3
      objectReference: {fileID: 0}
    - target: {fileID: 19800000, guid: 0fb4610dba67fc24cb2a6674fb155fc1, type: 3}
      propertyPath: InitialModule.startRotationY.minMaxState
      value: 3
      objectReference: {fileID: 0}
    m_RemovedComponents:
    - {fileID: 11400024, guid: 0fb4610dba67fc24cb2a6674fb155fc1, type: 3}
    - {fileID: 11400022, guid: 0fb4610dba67fc24cb2a6674fb155fc1, type: 3}
  m_SourcePrefab: {fileID: 100100000, guid: 0fb4610dba67fc24cb2a6674fb155fc1, type: 3}
--- !u!1 &1060992866 stripped
GameObject:
  m_CorrespondingSourceObject: {fileID: 100064, guid: 0fb4610dba67fc24cb2a6674fb155fc1,
    type: 3}
  m_PrefabInstance: {fileID: 1060992865}
  m_PrefabAsset: {fileID: 0}
--- !u!4 &1060992867 stripped
Transform:
  m_CorrespondingSourceObject: {fileID: 400064, guid: 0fb4610dba67fc24cb2a6674fb155fc1,
    type: 3}
  m_PrefabInstance: {fileID: 1060992865}
  m_PrefabAsset: {fileID: 0}
--- !u!114 &1060992868
MonoBehaviour:
  m_ObjectHideFlags: 0
  m_CorrespondingSourceObject: {fileID: 0}
  m_PrefabInstance: {fileID: 0}
  m_PrefabAsset: {fileID: 0}
  m_GameObject: {fileID: 1060992866}
  m_Enabled: 1
  m_EditorHideFlags: 0
  m_Script: {fileID: 11500000, guid: a114419629edfca4482e464078f2a329, type: 3}
  m_Name: 
  m_EditorClassIdentifier: 
  m_Target: {fileID: 842085889}
--- !u!114 &1060992869
MonoBehaviour:
  m_ObjectHideFlags: 0
  m_CorrespondingSourceObject: {fileID: 0}
  m_PrefabInstance: {fileID: 0}
  m_PrefabAsset: {fileID: 0}
  m_GameObject: {fileID: 1060992866}
  m_Enabled: 1
  m_EditorHideFlags: 0
  m_Script: {fileID: 11500000, guid: a114419629edfca4482e464078f2a329, type: 3}
  m_Name: 
  m_EditorClassIdentifier: 
  m_Target: {fileID: 1903655998}
--- !u!114 &1060992870
MonoBehaviour:
  m_ObjectHideFlags: 0
  m_CorrespondingSourceObject: {fileID: 0}
  m_PrefabInstance: {fileID: 0}
  m_PrefabAsset: {fileID: 0}
  m_GameObject: {fileID: 1060992866}
  m_Enabled: 0
  m_EditorHideFlags: 0
  m_Script: {fileID: 11500000, guid: fee0ea20c684fb4429aa1db4017f3c4d, type: 3}
  m_Name: 
  m_EditorClassIdentifier: 
--- !u!114 &1060992871
MonoBehaviour:
  m_ObjectHideFlags: 0
  m_CorrespondingSourceObject: {fileID: 0}
  m_PrefabInstance: {fileID: 0}
  m_PrefabAsset: {fileID: 0}
  m_GameObject: {fileID: 1060992866}
  m_Enabled: 1
  m_EditorHideFlags: 0
  m_Script: {fileID: 11500000, guid: 89d6176b8d24f95459b307929bdd3384, type: 3}
  m_Name: 
  m_EditorClassIdentifier: 
  m_Target: {fileID: 1192045950}
--- !u!114 &1060992872
MonoBehaviour:
  m_ObjectHideFlags: 0
  m_CorrespondingSourceObject: {fileID: 0}
  m_PrefabInstance: {fileID: 0}
  m_PrefabAsset: {fileID: 0}
  m_GameObject: {fileID: 1060992866}
  m_Enabled: 1
  m_EditorHideFlags: 0
  m_Script: {fileID: 11500000, guid: a114419629edfca4482e464078f2a329, type: 3}
  m_Name: 
  m_EditorClassIdentifier: 
  m_Target: {fileID: 1308477525}
--- !u!1 &1192045949
GameObject:
  m_ObjectHideFlags: 0
  m_CorrespondingSourceObject: {fileID: 0}
  m_PrefabInstance: {fileID: 0}
  m_PrefabAsset: {fileID: 0}
  serializedVersion: 6
  m_Component:
  - component: {fileID: 1192045950}
  - component: {fileID: 1192045953}
  - component: {fileID: 1192045952}
  - component: {fileID: 1192045951}
  m_Layer: 0
  m_Name: targetcube (4)
  m_TagString: Untagged
  m_Icon: {fileID: 0}
  m_NavMeshLayer: 0
  m_StaticEditorFlags: 0
  m_IsActive: 1
--- !u!4 &1192045950
Transform:
  m_ObjectHideFlags: 0
  m_CorrespondingSourceObject: {fileID: 0}
  m_PrefabInstance: {fileID: 0}
  m_PrefabAsset: {fileID: 0}
  m_GameObject: {fileID: 1192045949}
  m_LocalRotation: {x: 0, y: 0, z: 0, w: 1}
  m_LocalPosition: {x: 110.45, y: 0.7, z: 179.4}
  m_LocalScale: {x: 4.165329, y: 1, z: 1}
  m_Children: []
  m_Father: {fileID: 0}
  m_RootOrder: 0
  m_LocalEulerAnglesHint: {x: 0, y: 0, z: 0}
--- !u!65 &1192045951
BoxCollider:
  m_ObjectHideFlags: 0
  m_CorrespondingSourceObject: {fileID: 0}
  m_PrefabInstance: {fileID: 0}
  m_PrefabAsset: {fileID: 0}
  m_GameObject: {fileID: 1192045949}
  m_Material: {fileID: 0}
  m_IsTrigger: 0
  m_Enabled: 0
  serializedVersion: 2
  m_Size: {x: 1, y: 1, z: 1}
  m_Center: {x: 0, y: 0, z: 0}
--- !u!23 &1192045952
MeshRenderer:
  m_ObjectHideFlags: 0
  m_CorrespondingSourceObject: {fileID: 0}
  m_PrefabInstance: {fileID: 0}
  m_PrefabAsset: {fileID: 0}
  m_GameObject: {fileID: 1192045949}
  m_Enabled: 0
  m_CastShadows: 1
  m_ReceiveShadows: 1
  m_DynamicOccludee: 1
  m_MotionVectors: 1
  m_LightProbeUsage: 1
  m_ReflectionProbeUsage: 1
  m_RenderingLayerMask: 1
  m_RendererPriority: 0
  m_Materials:
  - {fileID: 10303, guid: 0000000000000000f000000000000000, type: 0}
  m_StaticBatchInfo:
    firstSubMesh: 0
    subMeshCount: 0
  m_StaticBatchRoot: {fileID: 0}
  m_ProbeAnchor: {fileID: 0}
  m_LightProbeVolumeOverride: {fileID: 0}
  m_ScaleInLightmap: 1
  m_PreserveUVs: 0
  m_IgnoreNormalsForChartDetection: 0
  m_ImportantGI: 0
  m_StitchLightmapSeams: 0
  m_SelectedEditorRenderState: 3
  m_MinimumChartSize: 4
  m_AutoUVMaxDistance: 0.5
  m_AutoUVMaxAngle: 89
  m_LightmapParameters: {fileID: 0}
  m_SortingLayerID: 0
  m_SortingLayer: 0
  m_SortingOrder: 0
--- !u!33 &1192045953
MeshFilter:
  m_ObjectHideFlags: 0
  m_CorrespondingSourceObject: {fileID: 0}
  m_PrefabInstance: {fileID: 0}
  m_PrefabAsset: {fileID: 0}
  m_GameObject: {fileID: 1192045949}
  m_Mesh: {fileID: 10202, guid: 0000000000000000e000000000000000, type: 0}
--- !u!1001 &1259603658
PrefabInstance:
  m_ObjectHideFlags: 0
  serializedVersion: 2
  m_Modification:
    m_TransformParent: {fileID: 0}
    m_Modifications:
    - target: {fileID: 174412, guid: d91011873a48699488e1c1b9b86925e5, type: 3}
      propertyPath: m_Name
      value: stick (4)
      objectReference: {fileID: 0}
    - target: {fileID: 174412, guid: d91011873a48699488e1c1b9b86925e5, type: 3}
      propertyPath: m_IsActive
      value: 1
      objectReference: {fileID: 0}
    - target: {fileID: 461292, guid: d91011873a48699488e1c1b9b86925e5, type: 3}
      propertyPath: m_LocalPosition.x
      value: 107.48
      objectReference: {fileID: 0}
    - target: {fileID: 461292, guid: d91011873a48699488e1c1b9b86925e5, type: 3}
      propertyPath: m_LocalPosition.y
      value: 0.06
      objectReference: {fileID: 0}
    - target: {fileID: 461292, guid: d91011873a48699488e1c1b9b86925e5, type: 3}
      propertyPath: m_LocalPosition.z
      value: 90.36533
      objectReference: {fileID: 0}
    - target: {fileID: 461292, guid: d91011873a48699488e1c1b9b86925e5, type: 3}
      propertyPath: m_LocalRotation.x
      value: 0
      objectReference: {fileID: 0}
    - target: {fileID: 461292, guid: d91011873a48699488e1c1b9b86925e5, type: 3}
      propertyPath: m_LocalRotation.y
      value: 0
      objectReference: {fileID: 0}
    - target: {fileID: 461292, guid: d91011873a48699488e1c1b9b86925e5, type: 3}
      propertyPath: m_LocalRotation.z
      value: 0
      objectReference: {fileID: 0}
    - target: {fileID: 461292, guid: d91011873a48699488e1c1b9b86925e5, type: 3}
      propertyPath: m_LocalRotation.w
      value: 1
      objectReference: {fileID: 0}
    - target: {fileID: 461292, guid: d91011873a48699488e1c1b9b86925e5, type: 3}
      propertyPath: m_RootOrder
      value: 1
      objectReference: {fileID: 0}
    - target: {fileID: 461292, guid: d91011873a48699488e1c1b9b86925e5, type: 3}
      propertyPath: m_LocalEulerAnglesHint.x
      value: 0
      objectReference: {fileID: 0}
    - target: {fileID: 461292, guid: d91011873a48699488e1c1b9b86925e5, type: 3}
      propertyPath: m_LocalEulerAnglesHint.y
      value: 0
      objectReference: {fileID: 0}
    - target: {fileID: 461292, guid: d91011873a48699488e1c1b9b86925e5, type: 3}
      propertyPath: m_LocalEulerAnglesHint.z
      value: 0
      objectReference: {fileID: 0}
    - target: {fileID: 461292, guid: d91011873a48699488e1c1b9b86925e5, type: 3}
      propertyPath: m_LocalScale.y
      value: 2.1156058
      objectReference: {fileID: 0}
    - target: {fileID: 461292, guid: d91011873a48699488e1c1b9b86925e5, type: 3}
      propertyPath: m_LocalScale.z
      value: 0.7493096
      objectReference: {fileID: 0}
    - target: {fileID: 461292, guid: d91011873a48699488e1c1b9b86925e5, type: 3}
      propertyPath: m_LocalScale.x
      value: 0.69186
      objectReference: {fileID: 0}
    - target: {fileID: 6511088, guid: d91011873a48699488e1c1b9b86925e5, type: 3}
      propertyPath: m_Enabled
      value: 0
      objectReference: {fileID: 0}
    m_RemovedComponents: []
  m_SourcePrefab: {fileID: 100100000, guid: d91011873a48699488e1c1b9b86925e5, type: 3}
--- !u!1 &1308477524
GameObject:
  m_ObjectHideFlags: 0
  m_CorrespondingSourceObject: {fileID: 0}
  m_PrefabInstance: {fileID: 0}
  m_PrefabAsset: {fileID: 0}
  serializedVersion: 6
  m_Component:
  - component: {fileID: 1308477525}
  - component: {fileID: 1308477528}
  - component: {fileID: 1308477527}
  - component: {fileID: 1308477526}
  m_Layer: 0
  m_Name: Speedcheck (3)
  m_TagString: Untagged
  m_Icon: {fileID: 0}
  m_NavMeshLayer: 0
  m_StaticEditorFlags: 0
  m_IsActive: 1
--- !u!4 &1308477525
Transform:
  m_ObjectHideFlags: 0
  m_CorrespondingSourceObject: {fileID: 0}
  m_PrefabInstance: {fileID: 0}
  m_PrefabAsset: {fileID: 0}
  m_GameObject: {fileID: 1308477524}
  m_LocalRotation: {x: 0, y: 0, z: 0, w: 1}
  m_LocalPosition: {x: 110.93552, y: 0.47, z: 89.46}
  m_LocalScale: {x: 1, y: 1, z: 1}
  m_Children: []
  m_Father: {fileID: 0}
  m_RootOrder: 4
  m_LocalEulerAnglesHint: {x: 0, y: 0, z: 0}
--- !u!65 &1308477526
BoxCollider:
  m_ObjectHideFlags: 0
  m_CorrespondingSourceObject: {fileID: 0}
  m_PrefabInstance: {fileID: 0}
  m_PrefabAsset: {fileID: 0}
  m_GameObject: {fileID: 1308477524}
  m_Material: {fileID: 0}
  m_IsTrigger: 0
  m_Enabled: 0
  serializedVersion: 2
  m_Size: {x: 1, y: 1, z: 1}
  m_Center: {x: 0, y: 0, z: 0}
--- !u!23 &1308477527
MeshRenderer:
  m_ObjectHideFlags: 0
  m_CorrespondingSourceObject: {fileID: 0}
  m_PrefabInstance: {fileID: 0}
  m_PrefabAsset: {fileID: 0}
  m_GameObject: {fileID: 1308477524}
  m_Enabled: 0
  m_CastShadows: 1
  m_ReceiveShadows: 1
  m_DynamicOccludee: 1
  m_MotionVectors: 1
  m_LightProbeUsage: 1
  m_ReflectionProbeUsage: 1
  m_RenderingLayerMask: 1
  m_RendererPriority: 0
  m_Materials:
  - {fileID: 10303, guid: 0000000000000000f000000000000000, type: 0}
  m_StaticBatchInfo:
    firstSubMesh: 0
    subMeshCount: 0
  m_StaticBatchRoot: {fileID: 0}
  m_ProbeAnchor: {fileID: 0}
  m_LightProbeVolumeOverride: {fileID: 0}
  m_ScaleInLightmap: 1
  m_PreserveUVs: 0
  m_IgnoreNormalsForChartDetection: 0
  m_ImportantGI: 0
  m_StitchLightmapSeams: 0
  m_SelectedEditorRenderState: 3
  m_MinimumChartSize: 4
  m_AutoUVMaxDistance: 0.5
  m_AutoUVMaxAngle: 89
  m_LightmapParameters: {fileID: 0}
  m_SortingLayerID: 0
  m_SortingLayer: 0
  m_SortingOrder: 0
--- !u!33 &1308477528
MeshFilter:
  m_ObjectHideFlags: 0
  m_CorrespondingSourceObject: {fileID: 0}
  m_PrefabInstance: {fileID: 0}
  m_PrefabAsset: {fileID: 0}
  m_GameObject: {fileID: 1308477524}
  m_Mesh: {fileID: 10202, guid: 0000000000000000e000000000000000, type: 0}
--- !u!1001 &1801652371
PrefabInstance:
  m_ObjectHideFlags: 0
  serializedVersion: 2
  m_Modification:
    m_TransformParent: {fileID: 1060992867}
    m_Modifications:
    - target: {fileID: 1811444609481538, guid: 4f9a1168ab73c884bb900de3b6909c10, type: 3}
      propertyPath: m_Name
      value: SEDAN
      objectReference: {fileID: 0}
    - target: {fileID: 1811444609481538, guid: 4f9a1168ab73c884bb900de3b6909c10, type: 3}
      propertyPath: m_IsActive
      value: 1
      objectReference: {fileID: 0}
    - target: {fileID: 4876364002059338, guid: 4f9a1168ab73c884bb900de3b6909c10, type: 3}
      propertyPath: m_LocalPosition.x
      value: 0
      objectReference: {fileID: 0}
    - target: {fileID: 4876364002059338, guid: 4f9a1168ab73c884bb900de3b6909c10, type: 3}
      propertyPath: m_LocalPosition.y
      value: 0
      objectReference: {fileID: 0}
    - target: {fileID: 4876364002059338, guid: 4f9a1168ab73c884bb900de3b6909c10, type: 3}
      propertyPath: m_LocalPosition.z
      value: 0
      objectReference: {fileID: 0}
    - target: {fileID: 4876364002059338, guid: 4f9a1168ab73c884bb900de3b6909c10, type: 3}
      propertyPath: m_LocalRotation.x
      value: -0
      objectReference: {fileID: 0}
    - target: {fileID: 4876364002059338, guid: 4f9a1168ab73c884bb900de3b6909c10, type: 3}
      propertyPath: m_LocalRotation.y
      value: -0.014752002
      objectReference: {fileID: 0}
    - target: {fileID: 4876364002059338, guid: 4f9a1168ab73c884bb900de3b6909c10, type: 3}
      propertyPath: m_LocalRotation.z
      value: -0
      objectReference: {fileID: 0}
    - target: {fileID: 4876364002059338, guid: 4f9a1168ab73c884bb900de3b6909c10, type: 3}
      propertyPath: m_LocalRotation.w
      value: 0.9998912
      objectReference: {fileID: 0}
    - target: {fileID: 4876364002059338, guid: 4f9a1168ab73c884bb900de3b6909c10, type: 3}
      propertyPath: m_RootOrder
      value: 6
      objectReference: {fileID: 0}
    - target: {fileID: 4876364002059338, guid: 4f9a1168ab73c884bb900de3b6909c10, type: 3}
      propertyPath: m_LocalEulerAnglesHint.x
      value: 0
      objectReference: {fileID: 0}
    - target: {fileID: 4876364002059338, guid: 4f9a1168ab73c884bb900de3b6909c10, type: 3}
      propertyPath: m_LocalEulerAnglesHint.y
      value: -1.6910001
      objectReference: {fileID: 0}
    - target: {fileID: 4876364002059338, guid: 4f9a1168ab73c884bb900de3b6909c10, type: 3}
      propertyPath: m_LocalEulerAnglesHint.z
      value: 0
      objectReference: {fileID: 0}
    m_RemovedComponents: []
  m_SourcePrefab: {fileID: 100100000, guid: 4f9a1168ab73c884bb900de3b6909c10, type: 3}
--- !u!1 &1801652372 stripped
GameObject:
  m_CorrespondingSourceObject: {fileID: 1974507650196358, guid: 4f9a1168ab73c884bb900de3b6909c10,
    type: 3}
  m_PrefabInstance: {fileID: 1801652371}
  m_PrefabAsset: {fileID: 0}
--- !u!1 &1801652373 stripped
GameObject:
  m_CorrespondingSourceObject: {fileID: 1920077751133810, guid: 4f9a1168ab73c884bb900de3b6909c10,
    type: 3}
  m_PrefabInstance: {fileID: 1801652371}
  m_PrefabAsset: {fileID: 0}
--- !u!1 &1801652374 stripped
GameObject:
  m_CorrespondingSourceObject: {fileID: 1961088883601900, guid: 4f9a1168ab73c884bb900de3b6909c10,
    type: 3}
  m_PrefabInstance: {fileID: 1801652371}
  m_PrefabAsset: {fileID: 0}
--- !u!1 &1801652375 stripped
GameObject:
  m_CorrespondingSourceObject: {fileID: 1829688964796470, guid: 4f9a1168ab73c884bb900de3b6909c10,
    type: 3}
  m_PrefabInstance: {fileID: 1801652371}
  m_PrefabAsset: {fileID: 0}
--- !u!1 &1835632757
GameObject:
  m_ObjectHideFlags: 0
  m_CorrespondingSourceObject: {fileID: 0}
  m_PrefabInstance: {fileID: 0}
  m_PrefabAsset: {fileID: 0}
  serializedVersion: 6
  m_Component:
  - component: {fileID: 1835632761}
  - component: {fileID: 1835632760}
  - component: {fileID: 1835632759}
  - component: {fileID: 1835632758}
  m_Layer: 0
  m_Name: line1 (2)
  m_TagString: Untagged
  m_Icon: {fileID: 0}
  m_NavMeshLayer: 0
  m_StaticEditorFlags: 0
  m_IsActive: 1
--- !u!65 &1835632758
BoxCollider:
  m_ObjectHideFlags: 0
  m_CorrespondingSourceObject: {fileID: 0}
  m_PrefabInstance: {fileID: 0}
  m_PrefabAsset: {fileID: 0}
  m_GameObject: {fileID: 1835632757}
  m_Material: {fileID: 0}
  m_IsTrigger: 0
  m_Enabled: 0
  serializedVersion: 2
  m_Size: {x: 1, y: 1, z: 1}
  m_Center: {x: 0, y: 0, z: 0}
--- !u!23 &1835632759
MeshRenderer:
  m_ObjectHideFlags: 0
  m_CorrespondingSourceObject: {fileID: 0}
  m_PrefabInstance: {fileID: 0}
  m_PrefabAsset: {fileID: 0}
  m_GameObject: {fileID: 1835632757}
  m_Enabled: 1
  m_CastShadows: 1
  m_ReceiveShadows: 1
  m_DynamicOccludee: 1
  m_MotionVectors: 1
  m_LightProbeUsage: 1
  m_ReflectionProbeUsage: 1
  m_RenderingLayerMask: 1
  m_RendererPriority: 0
  m_Materials:
  - {fileID: 10303, guid: 0000000000000000f000000000000000, type: 0}
  m_StaticBatchInfo:
    firstSubMesh: 0
    subMeshCount: 0
  m_StaticBatchRoot: {fileID: 0}
  m_ProbeAnchor: {fileID: 0}
  m_LightProbeVolumeOverride: {fileID: 0}
  m_ScaleInLightmap: 1
  m_PreserveUVs: 0
  m_IgnoreNormalsForChartDetection: 0
  m_ImportantGI: 0
  m_StitchLightmapSeams: 0
  m_SelectedEditorRenderState: 3
  m_MinimumChartSize: 4
  m_AutoUVMaxDistance: 0.5
  m_AutoUVMaxAngle: 89
  m_LightmapParameters: {fileID: 0}
  m_SortingLayerID: 0
  m_SortingLayer: 0
  m_SortingOrder: 0
--- !u!33 &1835632760
MeshFilter:
  m_ObjectHideFlags: 0
  m_CorrespondingSourceObject: {fileID: 0}
  m_PrefabInstance: {fileID: 0}
  m_PrefabAsset: {fileID: 0}
  m_GameObject: {fileID: 1835632757}
  m_Mesh: {fileID: 10202, guid: 0000000000000000e000000000000000, type: 0}
--- !u!4 &1835632761
Transform:
  m_ObjectHideFlags: 0
  m_CorrespondingSourceObject: {fileID: 0}
  m_PrefabInstance: {fileID: 0}
  m_PrefabAsset: {fileID: 0}
  m_GameObject: {fileID: 1835632757}
  m_LocalRotation: {x: 0, y: 0, z: 0, w: 1}
  m_LocalPosition: {x: 110.6, y: 0.012, z: 90.3}
  m_LocalScale: {x: 6.829697, y: 0.051485296, z: 0.2777492}
  m_Children: []
  m_Father: {fileID: 0}
  m_RootOrder: 2
  m_LocalEulerAnglesHint: {x: 0, y: 0, z: 0}
--- !u!1 &1903655997
GameObject:
  m_ObjectHideFlags: 0
  m_CorrespondingSourceObject: {fileID: 0}
  m_PrefabInstance: {fileID: 0}
  m_PrefabAsset: {fileID: 0}
  serializedVersion: 6
  m_Component:
  - component: {fileID: 1903655998}
  - component: {fileID: 1903656001}
  - component: {fileID: 1903656000}
  - component: {fileID: 1903655999}
  m_Layer: 0
  m_Name: Speedcheck (5)
  m_TagString: Untagged
  m_Icon: {fileID: 0}
  m_NavMeshLayer: 0
  m_StaticEditorFlags: 0
  m_IsActive: 1
--- !u!4 &1903655998
Transform:
  m_ObjectHideFlags: 0
  m_CorrespondingSourceObject: {fileID: 0}
  m_PrefabInstance: {fileID: 0}
  m_PrefabAsset: {fileID: 0}
  m_GameObject: {fileID: 1903655997}
  m_LocalRotation: {x: 0, y: 0, z: 0, w: 1}
  m_LocalPosition: {x: 110.93552, y: 0.47, z: 149.72}
  m_LocalScale: {x: 1, y: 1, z: 1}
  m_Children: []
  m_Father: {fileID: 0}
  m_RootOrder: 6
  m_LocalEulerAnglesHint: {x: 0, y: 0, z: 0}
--- !u!65 &1903655999
BoxCollider:
  m_ObjectHideFlags: 0
  m_CorrespondingSourceObject: {fileID: 0}
  m_PrefabInstance: {fileID: 0}
  m_PrefabAsset: {fileID: 0}
  m_GameObject: {fileID: 1903655997}
  m_Material: {fileID: 0}
  m_IsTrigger: 0
  m_Enabled: 0
  serializedVersion: 2
  m_Size: {x: 1, y: 1, z: 1}
  m_Center: {x: 0, y: 0, z: 0}
--- !u!23 &1903656000
MeshRenderer:
  m_ObjectHideFlags: 0
  m_CorrespondingSourceObject: {fileID: 0}
  m_PrefabInstance: {fileID: 0}
  m_PrefabAsset: {fileID: 0}
  m_GameObject: {fileID: 1903655997}
  m_Enabled: 0
  m_CastShadows: 1
  m_ReceiveShadows: 1
  m_DynamicOccludee: 1
  m_MotionVectors: 1
  m_LightProbeUsage: 1
  m_ReflectionProbeUsage: 1
  m_RenderingLayerMask: 1
  m_RendererPriority: 0
  m_Materials:
  - {fileID: 10303, guid: 0000000000000000f000000000000000, type: 0}
  m_StaticBatchInfo:
    firstSubMesh: 0
    subMeshCount: 0
  m_StaticBatchRoot: {fileID: 0}
  m_ProbeAnchor: {fileID: 0}
  m_LightProbeVolumeOverride: {fileID: 0}
  m_ScaleInLightmap: 1
  m_PreserveUVs: 0
  m_IgnoreNormalsForChartDetection: 0
  m_ImportantGI: 0
  m_StitchLightmapSeams: 0
  m_SelectedEditorRenderState: 3
  m_MinimumChartSize: 4
  m_AutoUVMaxDistance: 0.5
  m_AutoUVMaxAngle: 89
  m_LightmapParameters: {fileID: 0}
  m_SortingLayerID: 0
  m_SortingLayer: 0
  m_SortingOrder: 0
--- !u!33 &1903656001
MeshFilter:
  m_ObjectHideFlags: 0
  m_CorrespondingSourceObject: {fileID: 0}
  m_PrefabInstance: {fileID: 0}
  m_PrefabAsset: {fileID: 0}
  m_GameObject: {fileID: 1903655997}
  m_Mesh: {fileID: 10202, guid: 0000000000000000e000000000000000, type: 0}
